<?xml version="1.0" encoding="UTF-8"?>
<!DOCTYPE html PUBLIC "-//W3C//DTD XHTML 1.0 Transitional//EN"
    "http://www.w3.org/TR/xhtml1/DTD/xhtml1-transitional.dtd">
<html xmlns="http://www.w3.org/1999/xhtml" xml:lang="en" lang="en">
 <head>
  <title>
</title>
<meta http-equiv="Content-Type" content="text/html;charset=utf-8" />
  <meta name='ocr-system' content='tesseract 3.04.00' />
  <meta name='ocr-capabilities' content='ocr_page ocr_carea ocr_par ocr_line ocrx_word'/>
</head>
<body>
  <div class='ocr_page' id='page_1' title='image "./qhoratiusflaccus02horauoft_0168.png"; bbox 0 0 2231 3787; ppageno 0'>
   <div class='ocr_carea' id='block_1_1' title="bbox 212 230 1379 285">
    <p class='ocr_par' dir='ltr' id='par_1_1' title="bbox 212 230 1379 285">
     <span class='ocr_line' id='line_1_1' title="bbox 212 230 1379 285; baseline -0.011 -3"><span class='ocrx_word' id='word_1_1' title='bbox 212 230 230 282; x_wconf 76' lang='lat' dir='ltr'>i</span> <span class='ocrx_word' id='word_1_2' title='bbox 249 234 313 285; x_wconf 67' lang='lat'>52</span> <span class='ocrx_word' id='word_1_3' title='bbox 838 233 1049 272; x_wconf 70' lang='lat' dir='ltr'>uomrn</span> <span class='ocrx_word' id='word_1_4' title='bbox 1082 231 1379 272; x_wconf 70' lang='lat' dir='ltr'>sATmAiiuM</span> 
     </span>
    </p>
   </div>
   <div class='ocr_carea' id='block_1_2' title="bbox 280 356 2025 938">
    <p class='ocr_par' dir='ltr' id='par_1_2' title="bbox 280 356 1825 431">
     <span class='ocr_line' id='line_1_2' title="bbox 280 356 1825 431; baseline -0.003 -15"><span class='ocrx_word' id='word_1_5' title='bbox 280 366 393 417; x_wconf 77' lang='lat' dir='ltr'>Non</span> <span class='ocrx_word' id='word_1_6' title='bbox 434 363 646 416; x_wconf 73' lang='lat' dir='ltr'>Varium</span> <span class='ocrx_word' id='word_1_7' title='bbox 688 362 873 425; x_wconf 73' lang='lat' dir='ltr'>l‘acies3</span> <span class='ocrx_word' id='word_1_8' title='bbox 917 379 1038 413; x_wconf 78' lang='lat' dir='ltr'>nam</span> <span class='ocrx_word' id='word_1_9' title='bbox 1075 361 1194 431; x_wconf 89' lang='lat' dir='ltr'>quis</span> <span class='ocrx_word' id='word_1_10' title='bbox 1237 377 1320 412; x_wconf 87' lang='lat' dir='ltr'>mc</span> <span class='ocrx_word' id='word_1_11' title='bbox 1369 357 1605 412; x_wconf 84' lang='lat' dir='ltr'>scribere</span> <span class='ocrx_word' id='word_1_12' title='bbox 1645 356 1825 428; x_wconf 87' lang='lat' dir='ltr'>plures</span> 
     </span>
    </p>

    <p class='ocr_par' dir='ltr' id='par_1_3' title="bbox 282 459 2025 938">
     <span class='ocr_line' id='line_1_3' title="bbox 282 459 1743 534; baseline -0.003 -17"><span class='ocrx_word' id='word_1_13' title='bbox 282 468 382 517; x_wconf 71' lang='lat' dir='ltr'>Aut</span> <span class='ocrx_word' id='word_1_14' title='bbox 419 464 572 518; x_wconf 83' lang='lat' dir='ltr'>citius</span> <span class='ocrx_word' id='word_1_15' title='bbox 612 464 779 534; x_wconf 81' lang='lat' dir='ltr'>possit</span> <span class='ocrx_word' id='word_1_16' title='bbox 825 463 1050 517; x_wconf 82' lang='lat' dir='ltr'>versus?</span> <span class='ocrx_word' id='word_1_17' title='bbox 1089 461 1210 533; x_wconf 88' lang='lat' dir='ltr'>quis</span> <span class='ocrx_word' id='word_1_18' title='bbox 1247 459 1487 513; x_wconf 83' lang='lat' dir='ltr'>membra</span> <span class='ocrx_word' id='word_1_19' title='bbox 1525 475 1743 513; x_wconf 88' lang='lat' dir='ltr'>movere</span> 
     </span>
     <span class='ocr_line' id='line_1_4' title="bbox 284 559 2025 634; baseline -0.003 -17"><span class='ocrx_word' id='word_1_20' title='bbox 284 566 529 619; x_wconf 71' lang='lat' dir='ltr'>Mollius?</span> <span class='ocrx_word' id='word_1_21' title='bbox 577 565 811 617; x_wconf 58' lang='lat' dir='ltr'>Insideat</span> <span class='ocrx_word' id='word_1_22' title='bbox 860 563 1005 634; x_wconf 85' lang='lat' dir='ltr'>quod</span> <span class='ocrx_word' id='word_1_23' title='bbox 1046 570 1098 616; x_wconf 88' lang='lat' dir='ltr'>et</span> <span class='ocrx_word' id='word_1_24' title='bbox 1134 563 1527 632; x_wconf 78' lang='lat' dir='ltr'>Hermogenes,</span> <span class='ocrx_word' id='word_1_25' title='bbox 1570 577 1670 631; x_wconf 78' lang='lat' dir='ltr'>ego</span> <span class='ocrx_word' id='word_1_26' title='bbox 1710 567 1882 614; x_wconf 88' lang='lat' dir='ltr'>canto.</span> <span class='ocrx_word' id='word_1_27' title='bbox 1957 559 2025 613; x_wconf 70' lang='lat'>25</span> 
     </span>
     <span class='ocr_line' id='line_1_5' title="bbox 285 661 1650 738; baseline -0.004 -20"><span class='ocrx_word' id='word_1_28' title='bbox 285 666 656 738; x_wconf 80' lang='lat' dir='ltr'>interpellandi</span> <span class='ocrx_word' id='word_1_29' title='bbox 696 665 846 719; x_wconf 90' lang='lat' dir='ltr'>locus</span> <span class='ocrx_word' id='word_1_30' title='bbox 886 664 970 717; x_wconf 89' lang='lat' dir='ltr'>hic</span> <span class='ocrx_word' id='word_1_31' title='bbox 1009 671 1146 716; x_wconf 83' lang='lat' dir='ltr'>crat:</span> <span class='ocrx_word' id='word_1_32' title='bbox 1187 663 1278 714; x_wconf 88' lang='lat' dir='ltr'>Est</span> <span class='ocrx_word' id='word_1_33' title='bbox 1328 661 1420 714; x_wconf 90' lang='lat' dir='ltr'>tibi</span> <span class='ocrx_word' id='word_1_34' title='bbox 1459 668 1650 723; x_wconf 88' lang='lat' dir='ltr'>mater,</span> 
     </span>
     <span class='ocr_line' id='line_1_6' title="bbox 286 761 1966 839; baseline -0.004 -18"><span class='ocrx_word' id='word_1_35' title='bbox 286 769 518 839; x_wconf 76' lang='lat' dir='ltr'>Cognati,</span> <span class='ocrx_word' id='word_1_36' title='bbox 549 768 669 838; x_wconf 82' lang='lat' dir='ltr'>quis</span> <span class='ocrx_word' id='word_1_37' title='bbox 692 776 740 819; x_wconf 90' lang='lat' dir='ltr'>te</span> <span class='ocrx_word' id='word_1_38' title='bbox 762 765 909 819; x_wconf 73' lang='lat' dir='ltr'>salvo</span> <span class='ocrx_word' id='word_1_39' title='bbox 932 773 1012 818; x_wconf 88' lang='lat' dir='ltr'>est</span> <span class='ocrx_word' id='word_1_40' title='bbox 1036 764 1209 834; x_wconf 75' lang='lat' dir='ltr'>opus?</span> <span class='ocrx_word' id='word_1_41' title='bbox 1229 795 1298 801; x_wconf 95' lang='lat'><strong>—</strong></span> <span class='ocrx_word' id='word_1_42' title='bbox 1321 761 1480 815; x_wconf 89' lang='lat' dir='ltr'>Haud</span> <span class='ocrx_word' id='word_1_43' title='bbox 1514 762 1641 815; x_wconf 90' lang='lat' dir='ltr'>mihi</span> <span class='ocrx_word' id='word_1_44' title='bbox 1664 762 1966 834; x_wconf 85' lang='lat' dir='ltr'>quisquam.</span> 
     </span>
     <span class='ocr_line' id='line_1_7' title="bbox 286 863 1714 938; baseline -0.005 -15"><span class='ocrx_word' id='word_1_45' title='bbox 286 872 486 923; x_wconf 83' lang='lat' dir='ltr'>Omnes</span> <span class='ocrx_word' id='word_1_46' title='bbox 526 867 820 938; x_wconf 86' lang='lat' dir='ltr'>composui.</span> <span class='ocrx_word' id='word_1_47' title='bbox 860 898 929 904; x_wconf 95' lang='lat'><strong>—</strong></span> <span class='ocrx_word' id='word_1_48' title='bbox 967 863 1193 918; x_wconf 80' lang='lat' dir='ltr'>Felices!</span> <span class='ocrx_word' id='word_1_49' title='bbox 1234 880 1375 917; x_wconf 90' lang='lat' dir='ltr'>nunc</span> <span class='ocrx_word' id='word_1_50' title='bbox 1415 880 1515 934; x_wconf 79' lang='lat' dir='ltr'>ego</span> <span class='ocrx_word' id='word_1_51' title='bbox 1554 871 1714 917; x_wconf 76' lang='lat' dir='ltr'>resto,</span> 
     </span>
    </p>
   </div>
   <div class='ocr_carea' id='block_1_3' title="bbox 287 963 1840 1039">
    <p class='ocr_par' dir='ltr' id='par_1_4' title="bbox 287 963 1840 1039">
     <span class='ocr_line' id='line_1_8' title="bbox 287 963 1840 1039; baseline -0.005 -16"><span class='ocrx_word' id='word_1_52' title='bbox 287 970 527 1026; x_wconf 81' lang='lat' dir='ltr'>Confice;</span> <span class='ocrx_word' id='word_1_53' title='bbox 570 985 800 1039; x_wconf 86' lang='lat' dir='ltr'>namque</span> <span class='ocrx_word' id='word_1_54' title='bbox 840 967 997 1019; x_wconf 86' lang='lat' dir='ltr'>instat</span> <span class='ocrx_word' id='word_1_55' title='bbox 1037 966 1198 1018; x_wconf 88' lang='lat' dir='ltr'>fatum</span> <span class='ocrx_word' id='word_1_56' title='bbox 1235 964 1360 1017; x_wconf 91' lang='lat' dir='ltr'>mihi</span> <span class='ocrx_word' id='word_1_57' title='bbox 1410 964 1582 1026; x_wconf 87' lang='lat' dir='ltr'>triste,</span> <span class='ocrx_word' id='word_1_58' title='bbox 1626 963 1840 1018; x_wconf 84' lang='lat' dir='ltr'>Sabella</span> 
     </span>
    </p>
   </div>
   <div class='ocr_carea' id='block_1_4' title="bbox 328 1117 1043 1169">
    <p class='ocr_par' dir='ltr' id='par_1_5' title="bbox 328 1117 1043 1169">
     <span class='ocr_line' id='line_1_9' title="bbox 328 1117 1043 1169; baseline -0.006 -11"><span class='ocrx_word' id='word_1_59' title='bbox 328 1119 389 1158; x_wconf 72' lang='lat'>23.</span> <span class='ocrx_word' id='word_1_60' title='bbox 428 1119 580 1157; x_wconf 68' lang='lat' dir='ltr'>Varum</span> <span class='ocrx_word' id='word_1_61' title='bbox 612 1128 654 1169; x_wconf 91' lang='lat' dir='ltr'>p.</span> <span class='ocrx_word' id='word_1_62' title='bbox 691 1139 736 1145; x_wconf 92' lang='lat'><strong>—</strong></span> <span class='ocrx_word' id='word_1_63' title='bbox 772 1117 836 1156; x_wconf 73' lang='lat'>27.</span> <span class='ocrx_word' id='word_1_64' title='bbox 871 1117 1043 1155; x_wconf 81' lang='lat' dir='ltr'>IIau-tS.</span> 
     </span>
    </p>
   </div>
   <div class='ocr_carea' id='block_1_5' title="bbox 213 1216 1092 2262">
    <p class='ocr_par' dir='ltr' id='par_1_6' title="bbox 213 1216 1092 2262">
     <span class='ocr_line' id='line_1_10' title="bbox 215 1216 1086 1270; baseline -0.002 -12"><span class='ocrx_word' id='word_1_65' title='bbox 215 1223 303 1259; x_wconf 73' lang='lat' dir='ltr'>(loen</span> <span class='ocrx_word' id='word_1_66' title='bbox 336 1232 376 1270; x_wconf 89' lang='lat' dir='ltr'>p.</span> <span class='ocrx_word' id='word_1_67' title='bbox 419 1218 548 1268; x_wconf 62' lang='lat'>1436.)</span> <span class='ocrx_word' id='word_1_68' title='bbox 585 1239 628 1246; x_wconf 92' lang='lat'>—</span> <span class='ocrx_word' id='word_1_69' title='bbox 676 1216 867 1269; x_wconf 71' lang='lat' dir='ltr'>Varium]</span> <span class='ocrx_word' id='word_1_70' title='bbox 899 1216 996 1256; x_wconf 72' lang='lat' dir='ltr'>vid.</span> <span class='ocrx_word' id='word_1_71' title='bbox 1030 1216 1086 1256; x_wconf 88' lang='lat' dir='ltr'>ad</span> 
     </span>
     <span class='ocr_line' id='line_1_11' title="bbox 214 1278 1088 1329; baseline -0.003 -8"><span class='ocrx_word' id='word_1_72' title='bbox 214 1286 299 1321; x_wconf 67' lang='lat' dir='ltr'>Sat.</span> <span class='ocrx_word' id='word_1_73' title='bbox 342 1284 381 1329; x_wconf 84' lang='grc'>1,</span> <span class='ocrx_word' id='word_1_74' title='bbox 415 1283 460 1328; x_wconf 75' lang='lat'>5,</span> <span class='ocrx_word' id='word_1_75' title='bbox 495 1280 559 1321; x_wconf 68' lang='lat'>40.</span> <span class='ocrx_word' id='word_1_76' title='bbox 590 1304 632 1310; x_wconf 49' lang='lat' dir='ltr'>m</span> <span class='ocrx_word' id='word_1_77' title='bbox 652 1280 808 1329; x_wconf 73' lang='lat' dir='ltr'>plures]</span> <span class='ocrx_word' id='word_1_78' title='bbox 842 1280 955 1319; x_wconf 84' lang='lat' dir='ltr'>Ecce</span> <span class='ocrx_word' id='word_1_79' title='bbox 977 1278 1088 1319; x_wconf 89' lang='lat' dir='ltr'>alter</span> 
     </span>
     <span class='ocr_line' id='line_1_12' title="bbox 215 1341 1088 1395; baseline -0.002 -13"><span class='ocrx_word' id='word_1_80' title='bbox 215 1345 457 1395; x_wconf 71' lang='lat' dir='ltr'>Crispinus.</span> <span class='ocrx_word' id='word_1_81' title='bbox 483 1344 569 1382; x_wconf 89' lang='lat' dir='ltr'>Sat.</span> <span class='ocrx_word' id='word_1_82' title='bbox 596 1344 609 1382; x_wconf 76' lang='grc'>1</span> <span class='ocrx_word' id='word_1_83' title='bbox 634 1374 642 1392; x_wconf 95' lang='grc'>,</span> <span class='ocrx_word' id='word_1_84' title='bbox 675 1342 720 1391; x_wconf 75' lang='lat'>4,</span> <span class='ocrx_word' id='word_1_85' title='bbox 756 1341 806 1382; x_wconf 76' lang='grc'>14·</span> <span class='ocrx_word' id='word_1_86' title='bbox 827 1353 924 1392; x_wconf 87' lang='lat' dir='ltr'>sqq.</span> <span class='ocrx_word' id='word_1_87' title='bbox 959 1342 1088 1381; x_wconf 88' lang='lat' dir='ltr'>Com—</span> 
     </span>
     <span class='ocr_line' id='line_1_13' title="bbox 214 1403 1086 1445; baseline -0.003 -1"><span class='ocrx_word' id='word_1_88' title='bbox 214 1405 425 1445; x_wconf 78' lang='lat' dir='ltr'>mendare</span> <span class='ocrx_word' id='word_1_89' title='bbox 457 1407 607 1444; x_wconf 89' lang='lat' dir='ltr'>autem</span> <span class='ocrx_word' id='word_1_90' title='bbox 636 1415 684 1444; x_wconf 89' lang='lat' dir='ltr'>se</span> <span class='ocrx_word' id='word_1_91' title='bbox 722 1403 870 1444; x_wconf 84' lang='lat' dir='ltr'><strong>studet</strong></span> <span class='ocrx_word' id='word_1_92' title='bbox 908 1403 1086 1442; x_wconf 90' lang='lat' dir='ltr'>Horatio</span> 
     </span>
     <span class='ocr_line' id='line_1_14' title="bbox 214 1467 1089 1517; baseline -0.002 -11"><span class='ocrx_word' id='word_1_93' title='bbox 214 1471 259 1506; x_wconf 91' lang='lat' dir='ltr'>ut</span> <span class='ocrx_word' id='word_1_94' title='bbox 289 1472 451 1507; x_wconf 78' lang='lat' dir='ltr'>rentum</span> <span class='ocrx_word' id='word_1_95' title='bbox 474 1479 654 1517; x_wconf 76' lang='lat' dir='ltr'>puerum</span> <span class='ocrx_word' id='word_1_96' title='bbox 685 1467 857 1506; x_wconf 72' lang='lat' dir='ltr'>artium.</span> <span class='ocrx_word' id='word_1_97' title='bbox 888 1489 932 1493; x_wconf 89' lang='lat'>—</span> <span class='ocrx_word' id='word_1_98' title='bbox 955 1476 1089 1505; x_wconf 84' lang='lat' dir='ltr'>mem-</span> 
     </span>
     <span class='ocr_line' id='line_1_15' title="bbox 214 1528 1088 1580; baseline -0.003 -11"><span class='ocrx_word' id='word_1_99' title='bbox 214 1531 289 1569; x_wconf 77' lang='lat' dir='ltr'>bra</span> <span class='ocrx_word' id='word_1_100' title='bbox 334 1541 495 1569; x_wconf 70' lang='lat' dir='ltr'>morere</span> <span class='ocrx_word' id='word_1_101' title='bbox 535 1528 714 1580; x_wconf 76' lang='lat' dir='ltr'>Mettius]</span> <span class='ocrx_word' id='word_1_102' title='bbox 748 1539 874 1568; x_wconf 90' lang='lat' dir='ltr'>«cum</span> <span class='ocrx_word' id='word_1_103' title='bbox 922 1528 1088 1567; x_wconf 88' lang='lat' dir='ltr'>maiore</span> 
     </span>
     <span class='ocr_line' id='line_1_16' title="bbox 213 1589 1091 1643; baseline -0.005 -12"><span class='ocrx_word' id='word_1_104' title='bbox 213 1593 350 1643; x_wconf 71' lang='lat' dir='ltr'>gratia</span> <span class='ocrx_word' id='word_1_105' title='bbox 395 1603 446 1630; x_wconf 88' lang='lat' dir='ltr'>ac</span> <span class='ocrx_word' id='word_1_106' title='bbox 491 1590 694 1631; x_wconf 76' lang='lat' dir='ltr'>facilitate</span> <span class='ocrx_word' id='word_1_107' title='bbox 735 1589 894 1630; x_wconf 87' lang='lat' dir='ltr'>saltare</span> <span class='ocrx_word' id='word_1_108' title='bbox 925 1600 976 1629; x_wconf 91' lang='lat' dir='ltr'>ac</span> <span class='ocrx_word' id='word_1_109' title='bbox 1012 1599 1091 1639; x_wconf 83' lang='lat' dir='ltr'>ge—</span> 
     </span>
     <span class='ocr_line' id='line_1_17' title="bbox 214 1651 1090 1700; baseline -0.003 -7"><span class='ocrx_word' id='word_1_110' title='bbox 214 1652 447 1694; x_wconf 84' lang='lat' dir='ltr'>sticulari.»</span> <span class='ocrx_word' id='word_1_111' title='bbox 496 1654 669 1692; x_wconf 85' lang='lat' dir='ltr'>Lucret.</span> <span class='ocrx_word' id='word_1_112' title='bbox 695 1651 739 1700; x_wconf 72' lang='lat'>4,</span> <span class='ocrx_word' id='word_1_113' title='bbox 773 1651 873 1691; x_wconf 79' lang='lat'>981:</span> <span class='ocrx_word' id='word_1_114' title='bbox 917 1651 1090 1691; x_wconf 75' lang='lat' dir='ltr'>Cernere</span> 
     </span>
     <span class='ocr_line' id='line_1_18' title="bbox 214 1713 1086 1755; baseline -0.003 0"><span class='ocrx_word' id='word_1_115' title='bbox 214 1716 407 1755; x_wconf 76' lang='lat' dir='ltr'>saltantis</span> <span class='ocrx_word' id='word_1_116' title='bbox 431 1719 468 1754; x_wconf 73' lang='lat' dir='ltr'>et</span> <span class='ocrx_word' id='word_1_117' title='bbox 497 1714 639 1754; x_wconf 77' lang='lat' dir='ltr'>mollia</span> <span class='ocrx_word' id='word_1_118' title='bbox 668 1714 856 1754; x_wconf 82' lang='lat' dir='ltr'>membra</span> <span class='ocrx_word' id='word_1_119' title='bbox 874 1713 1086 1752; x_wconf 73' lang='lat' dir='ltr'>moventis.</span> 
     </span>
     <span class='ocr_line' id='line_1_19' title="bbox 216 1776 1087 1824; baseline -0.002 -8"><span class='ocrx_word' id='word_1_120' title='bbox 216 1777 338 1817; x_wconf 74' lang='lat' dir='ltr'>Ovid.</span> <span class='ocrx_word' id='word_1_121' title='bbox 371 1780 420 1816; x_wconf 79' lang='lat' dir='ltr'>A.</span> <span class='ocrx_word' id='word_1_122' title='bbox 461 1779 509 1815; x_wconf 77' lang='lat' dir='ltr'>A.</span> <span class='ocrx_word' id='word_1_123' title='bbox 553 1777 599 1824; x_wconf 72' lang='grc'>4,</span> <span class='ocrx_word' id='word_1_124' title='bbox 642 1776 741 1816; x_wconf 76' lang='grc'>595;</span> <span class='ocrx_word' id='word_1_125' title='bbox 792 1776 838 1815; x_wconf 79' lang='lat' dir='ltr'>Si</span> <span class='ocrx_word' id='word_1_126' title='bbox 881 1786 964 1814; x_wconf 65' lang='lat' dir='ltr'>vox</span> <span class='ocrx_word' id='word_1_127' title='bbox 1007 1779 1087 1824; x_wconf 80' lang='lat' dir='ltr'>esc,</span> 
     </span>
     <span class='ocr_line' id='line_1_20' title="bbox 214 1838 1086 1886; baseline -0.002 -8"><span class='ocrx_word' id='word_1_128' title='bbox 214 1844 361 1886; x_wconf 55' lang='grc' dir='ltr'>σακία,</span> <span class='ocrx_word' id='word_1_129' title='bbox 406 1839 439 1877; x_wconf 77' lang='lat' dir='ltr'>si</span> <span class='ocrx_word' id='word_1_130' title='bbox 469 1838 609 1877; x_wconf 72' lang='lat' dir='ltr'>mollia</span> <span class='ocrx_word' id='word_1_131' title='bbox 645 1838 836 1886; x_wconf 77' lang='lat' dir='ltr'>brachia,</span> <span class='ocrx_word' id='word_1_132' title='bbox 881 1838 1004 1876; x_wconf 79' lang='lat' dir='ltr'>sulla.</span> <span class='ocrx_word' id='word_1_133' title='bbox 1042 1860 1086 1864; x_wconf 91' lang='lat'><strong>—</strong></span> 
     </span>
     <span class='ocr_line' id='line_1_21' title="bbox 213 1898 1091 1952; baseline -0.002 -12"><span class='ocrx_word' id='word_1_134' title='bbox 213 1900 500 1952; x_wconf 63' lang='lat' dir='ltr'>Hermogenes]</span> <span class='ocrx_word' id='word_1_135' title='bbox 524 1898 685 1950; x_wconf 79' lang='lat' dir='ltr'>Tigellii</span> <span class='ocrx_word' id='word_1_136' title='bbox 707 1899 832 1939; x_wconf 85' lang='lat' dir='ltr'>Sardi</span> <span class='ocrx_word' id='word_1_137' title='bbox 853 1898 966 1939; x_wconf 86' lang='lat' dir='ltr'>filius</span> <span class='ocrx_word' id='word_1_138' title='bbox 987 1898 1091 1938; x_wconf 91' lang='lat' dir='ltr'>ado-</span> 
     </span>
     <span class='ocr_line' id='line_1_22' title="bbox 215 1961 1086 2014; baseline 0 -13"><span class='ocrx_word' id='word_1_139' title='bbox 215 1963 359 2014; x_wconf 67' lang='lat' dir='ltr'>ptivus</span> <span class='ocrx_word' id='word_1_140' title='bbox 392 1963 492 2013; x_wconf 82' lang='lat' dir='ltr'>(Sat.</span> <span class='ocrx_word' id='word_1_141' title='bbox 528 1963 573 2010; x_wconf 72' lang='lat'>4,</span> <span class='ocrx_word' id='word_1_142' title='bbox 607 1962 659 2010; x_wconf 85' lang='lat'>3,</span> <span class='ocrx_word' id='word_1_143' title='bbox 695 1962 788 2001; x_wconf 75' lang='lat'>429.</span> <span class='ocrx_word' id='word_1_144' title='bbox 832 1961 876 2010; x_wconf 77' lang='lat'>4,</span> <span class='ocrx_word' id='word_1_145' title='bbox 909 1962 975 2001; x_wconf 74' lang='lat'>72.</span> <span class='ocrx_word' id='word_1_146' title='bbox 1011 1961 1086 2010; x_wconf 74' lang='lat'>40,</span> 
     </span>
     <span class='ocr_line' id='line_1_23' title="bbox 217 2023 1090 2075; baseline -0.002 -11"><span class='ocrx_word' id='word_1_147' title='bbox 217 2026 298 2074; x_wconf 61' lang='lat'>48.)</span> <span class='ocrx_word' id='word_1_148' title='bbox 333 2024 388 2063; x_wconf 87' lang='lat' dir='ltr'>ab</span> <span class='ocrx_word' id='word_1_149' title='bbox 429 2023 747 2075; x_wconf 88' lang='lat' dir='ltr'>Interpretibus</span> <span class='ocrx_word' id='word_1_150' title='bbox 778 2024 955 2075; x_wconf 84' lang='lat' dir='ltr'>saepius</span> <span class='ocrx_word' id='word_1_151' title='bbox 986 2034 1090 2063; x_wconf 90' lang='lat' dir='ltr'>cum</span> 
     </span>
     <span class='ocr_line' id='line_1_24' title="bbox 217 2085 1086 2137; baseline -0.001 -11"><span class='ocrx_word' id='word_1_152' title='bbox 217 2085 286 2126; x_wconf 83' lang='lat' dir='ltr'>illo</span> <span class='ocrx_word' id='word_1_153' title='bbox 321 2087 420 2137; x_wconf 65' lang='lat' dir='ltr'>(Sat.</span> <span class='ocrx_word' id='word_1_154' title='bbox 462 2087 501 2133; x_wconf 83' lang='lat' dir='ltr'>i,</span> <span class='ocrx_word' id='word_1_155' title='bbox 546 2087 591 2134; x_wconf 70' lang='lat'>2,</span> <span class='ocrx_word' id='word_1_156' title='bbox 633 2086 648 2124; x_wconf 74' lang='lat'>4</span> <span class='ocrx_word' id='word_1_157' title='bbox 687 2089 831 2136; x_wconf 86' lang='lat' dir='ltr'>seqq.)</span> <span class='ocrx_word' id='word_1_158' title='bbox 864 2085 1086 2126; x_wconf 81' lang='lat' dir='ltr'>confusus.</span> 
     </span>
     <span class='ocr_line' id='line_1_25' title="bbox 218 2148 1092 2200; baseline -0.003 -11"><span class='ocrx_word' id='word_1_159' title='bbox 218 2171 264 2177; x_wconf 93' lang='lat'>—</span> <span class='ocrx_word' id='word_1_160' title='bbox 298 2160 371 2200; x_wconf 70' lang='lat'>890</span> <span class='ocrx_word' id='word_1_161' title='bbox 400 2148 536 2199; x_wconf 81' lang='lat' dir='ltr'>canto]</span> <span class='ocrx_word' id='word_1_162' title='bbox 570 2149 661 2188; x_wconf 87' lang='lat' dir='ltr'>lloc</span> <span class='ocrx_word' id='word_1_163' title='bbox 692 2149 859 2199; x_wconf 89' lang='lat' dir='ltr'>ipsum,</span> <span class='ocrx_word' id='word_1_164' title='bbox 894 2148 1015 2199; x_wconf 89' lang='lat' dir='ltr'>quod</span> <span class='ocrx_word' id='word_1_165' title='bbox 1044 2149 1092 2187; x_wconf 90' lang='lat' dir='ltr'>ut</span> 
     </span>
     <span class='ocr_line' id='line_1_26' title="bbox 215 2210 1091 2262; baseline -0.002 -12"><span class='ocrx_word' id='word_1_166' title='bbox 215 2210 388 2250; x_wconf 84' lang='lat' dir='ltr'>Salustii</span> <span class='ocrx_word' id='word_1_167' title='bbox 418 2210 677 2262; x_wconf 87' lang='lat' dir='ltr'>Sempronia</span> <span class='ocrx_word' id='word_1_168' title='bbox 709 2211 751 2249; x_wconf 90' lang='lat' dir='ltr'>in</span> <span class='ocrx_word' id='word_1_169' title='bbox 781 2210 988 2250; x_wconf 89' lang='lat' dir='ltr'>omnibus</span> <span class='ocrx_word' id='word_1_170' title='bbox 1023 2210 1091 2249; x_wconf 89' lang='lat' dir='ltr'>his</span> 
     </span>
    </p>
   </div>
   <div class='ocr_carea' id='block_1_6' title="bbox 216 2272 1094 2320">
    <p class='ocr_par' dir='ltr' id='par_1_7' title="bbox 216 2272 1094 2320">
     <span class='ocr_line' id='line_1_27' title="bbox 216 2272 1094 2320; baseline -0.002 -7"><span class='ocrx_word' id='word_1_171' title='bbox 216 2272 432 2313; x_wconf 74' lang='lat' dir='ltr'>excellere</span> <span class='ocrx_word' id='word_1_172' title='bbox 455 2284 518 2320; x_wconf 92' lang='lat' dir='ltr'>se,</span> <span class='ocrx_word' id='word_1_173' title='bbox 548 2273 591 2311; x_wconf 94' lang='lat' dir='ltr'>in</span> <span class='ocrx_word' id='word_1_174' title='bbox 607 2284 695 2311; x_wconf 91' lang='lat' dir='ltr'>una</span> <span class='ocrx_word' id='word_1_175' title='bbox 716 2275 809 2312; x_wconf 89' lang='lat' dir='ltr'>arte</span> <span class='ocrx_word' id='word_1_176' title='bbox 832 2273 965 2312; x_wconf 87' lang='lat' dir='ltr'>etiam</span> <span class='ocrx_word' id='word_1_177' title='bbox 986 2273 1094 2312; x_wconf 91' lang='lat' dir='ltr'>Her-</span> 
     </span>
    </p>
   </div>
   <div class='ocr_carea' id='block_1_7' title="bbox 216 2332 1092 2510">
    <p class='ocr_par' dir='ltr' id='par_1_8' title="bbox 216 2332 1092 2510">
     <span class='ocr_line' id='line_1_28' title="bbox 217 2332 1089 2385; baseline -0.002 -10"><span class='ocrx_word' id='word_1_178' title='bbox 217 2344 454 2384; x_wconf 77' lang='lat' dir='ltr'>mogenem</span> <span class='ocrx_word' id='word_1_179' title='bbox 484 2332 605 2373; x_wconf 89' lang='lat' dir='ltr'>illum</span> <span class='ocrx_word' id='word_1_180' title='bbox 637 2334 827 2384; x_wconf 89' lang='lat' dir='ltr'>(Horatio</span> <span class='ocrx_word' id='word_1_181' title='bbox 858 2336 1089 2385; x_wconf 78' lang='lat' dir='ltr'>tantopere</span> 
     </span>
     <span class='ocr_line' id='line_1_29' title="bbox 217 2396 1092 2446; baseline -0.001 -11"><span class='ocrx_word' id='word_1_182' title='bbox 217 2396 413 2446; x_wconf 74' lang='lat' dir='ltr'>exosum)</span> <span class='ocrx_word' id='word_1_183' title='bbox 446 2406 659 2446; x_wconf 85' lang='lat' dir='ltr'>superare</span> <span class='ocrx_word' id='word_1_184' title='bbox 690 2396 821 2435; x_wconf 89' lang='lat' dir='ltr'>iactat</span> <span class='ocrx_word' id='word_1_185' title='bbox 850 2396 983 2436; x_wconf 90' lang='lat' dir='ltr'>homo</span> <span class='ocrx_word' id='word_1_186' title='bbox 1011 2407 1092 2435; x_wconf 80' lang='lat' dir='ltr'>va-</span> 
     </span>
     <span class='ocr_line' id='line_1_30' title="bbox 216 2456 1091 2510; baseline 0 -13"><span class='ocrx_word' id='word_1_187' title='bbox 216 2459 446 2506; x_wconf 87' lang='lat' dir='ltr'>nissimus,</span> <span class='ocrx_word' id='word_1_188' title='bbox 480 2456 616 2497; x_wconf 88' lang='lat' dir='ltr'>bilem</span> <span class='ocrx_word' id='word_1_189' title='bbox 643 2460 794 2497; x_wconf 81' lang='lat' dir='ltr'>movet</span> <span class='ocrx_word' id='word_1_190' title='bbox 821 2460 1002 2510; x_wconf 78' lang='lat' dir='ltr'>poetae,</span> <span class='ocrx_word' id='word_1_191' title='bbox 1035 2459 1091 2497; x_wconf 89' lang='lat' dir='ltr'>ita</span> 
     </span>
    </p>
   </div>
   <div class='ocr_carea' id='block_1_8' title="bbox 216 2520 1094 2572">
    <p class='ocr_par' dir='ltr' id='par_1_9' title="bbox 216 2520 1094 2572">
     <span class='ocr_line' id='line_1_31' title="bbox 216 2520 1094 2572; baseline 0.002 -14"><span class='ocrx_word' id='word_1_192' title='bbox 216 2521 265 2558; x_wconf 90' lang='lat' dir='ltr'>ut</span> <span class='ocrx_word' id='word_1_193' title='bbox 293 2520 410 2559; x_wconf 90' lang='lat' dir='ltr'>hunc</span> <span class='ocrx_word' id='word_1_194' title='bbox 432 2530 690 2559; x_wconf 86' lang='lat' dir='ltr'>sermonem</span> <span class='ocrx_word' id='word_1_195' title='bbox 718 2520 901 2560; x_wconf 88' lang='lat' dir='ltr'>tandem</span> <span class='ocrx_word' id='word_1_196' title='bbox 923 2520 1094 2572; x_wconf 89' lang='lat' dir='ltr'>praeci-</span> 
     </span>
    </p>
   </div>
   <div class='ocr_carea' id='block_1_9' title="bbox 214 2581 1092 3438">
    <p class='ocr_par' dir='ltr' id='par_1_10' title="bbox 216 2581 1092 2992">
     <span class='ocr_line' id='line_1_32' title="bbox 216 2581 1092 2632; baseline 0 -11"><span class='ocrx_word' id='word_1_197' title='bbox 216 2581 291 2621; x_wconf 87' lang='lat' dir='ltr'>dat</span> <span class='ocrx_word' id='word_1_198' title='bbox 330 2581 553 2632; x_wconf 85' lang='lat' dir='ltr'>aliumque</span> <span class='ocrx_word' id='word_1_199' title='bbox 595 2582 739 2621; x_wconf 90' lang='lat' dir='ltr'>minus</span> <span class='ocrx_word' id='word_1_200' title='bbox 784 2583 904 2622; x_wconf 89' lang='lat' dir='ltr'>certe</span> <span class='ocrx_word' id='word_1_201' title='bbox 950 2581 1092 2622; x_wconf 91' lang='lat' dir='ltr'>mole-</span> 
     </span>
     <span class='ocr_line' id='line_1_33' title="bbox 217 2644 1092 2684; baseline -0.001 0"><span class='ocrx_word' id='word_1_202' title='bbox 217 2646 335 2684; x_wconf 87' lang='lat' dir='ltr'>stum</span> <span class='ocrx_word' id='word_1_203' title='bbox 365 2654 546 2682; x_wconf 89' lang='lat' dir='ltr'>movere</span> <span class='ocrx_word' id='word_1_204' title='bbox 579 2645 776 2683; x_wconf 90' lang='lat' dir='ltr'>conetur.</span> <span class='ocrx_word' id='word_1_205' title='bbox 837 2644 1092 2684; x_wconf 88' lang='lat' dir='ltr'>Sciscitatur</span> 
     </span>
     <span class='ocr_line' id='line_1_34' title="bbox 218 2704 1087 2755; baseline 0 -10"><span class='ocrx_word' id='word_1_206' title='bbox 218 2716 322 2755; x_wconf 78' lang='lat' dir='ltr'>ergo</span> <span class='ocrx_word' id='word_1_207' title='bbox 344 2704 398 2744; x_wconf 88' lang='lat' dir='ltr'>de</span> <span class='ocrx_word' id='word_1_208' title='bbox 429 2704 589 2744; x_wconf 80' lang='lat' dir='ltr'>familia</span> <span class='ocrx_word' id='word_1_209' title='bbox 616 2705 830 2754; x_wconf 87' lang='lat' dir='ltr'>hominis,</span> <span class='ocrx_word' id='word_1_210' title='bbox 862 2707 910 2744; x_wconf 91' lang='lat' dir='ltr'>ut</span> <span class='ocrx_word' id='word_1_211' title='bbox 930 2704 1087 2754; x_wconf 82' lang='lat' dir='ltr'>solent,</span> 
     </span>
     <span class='ocr_line' id='line_1_35' title="bbox 216 2766 1090 2819; baseline 0.002 -14"><span class='ocrx_word' id='word_1_212' title='bbox 216 2768 408 2819; x_wconf 86' lang='lat' dir='ltr'>primum</span> <span class='ocrx_word' id='word_1_213' title='bbox 449 2768 521 2816; x_wconf 89' lang='lat' dir='ltr'>qui</span> <span class='ocrx_word' id='word_1_214' title='bbox 564 2778 665 2806; x_wconf 86' lang='lat' dir='ltr'>cum</span> <span class='ocrx_word' id='word_1_215' title='bbox 705 2766 850 2818; x_wconf 91' lang='lat' dir='ltr'>aliquo</span> <span class='ocrx_word' id='word_1_216' title='bbox 891 2768 1090 2808; x_wconf 82' lang='lat' dir='ltr'>notitiam</span> 
     </span>
     <span class='ocr_line' id='line_1_36' title="bbox 218 2828 1088 2881; baseline 0 -13"><span class='ocrx_word' id='word_1_217' title='bbox 218 2828 495 2868; x_wconf 76' lang='lat' dir='ltr'>contrahunt.</span> <span class='ocrx_word' id='word_1_218' title='bbox 520 2851 562 2856; x_wconf 87' lang='lat'>—</span> <span class='ocrx_word' id='word_1_219' title='bbox 583 2830 673 2878; x_wconf 77' lang='lat' dir='ltr'>quis</span> <span class='ocrx_word' id='word_1_220' title='bbox 693 2834 728 2868; x_wconf 85' lang='lat' dir='ltr'>te</span> <span class='ocrx_word' id='word_1_221' title='bbox 747 2830 861 2868; x_wconf 82' lang='lat' dir='ltr'>salvo</span> <span class='ocrx_word' id='word_1_222' title='bbox 891 2833 947 2868; x_wconf 78' lang='lat' dir='ltr'>est</span> <span class='ocrx_word' id='word_1_223' title='bbox 975 2829 1088 2881; x_wconf 81' lang='lat' dir='ltr'>opus]</span> 
     </span>
     <span class='ocr_line' id='line_1_37' title="bbox 219 2889 1091 2941; baseline 0.003 -13"><span class='ocrx_word' id='word_1_224' title='bbox 219 2889 406 2941; x_wconf 86' lang='lat' dir='ltr'>«quibus</span> <span class='ocrx_word' id='word_1_225' title='bbox 437 2890 627 2941; x_wconf 87' lang='lat' dir='ltr'>optabile</span> <span class='ocrx_word' id='word_1_226' title='bbox 651 2894 691 2930; x_wconf 88' lang='lat' dir='ltr'>et</span> <span class='ocrx_word' id='word_1_227' title='bbox 723 2890 825 2931; x_wconf 89' lang='lat' dir='ltr'>utile</span> <span class='ocrx_word' id='word_1_228' title='bbox 847 2893 913 2931; x_wconf 87' lang='lat' dir='ltr'>est</span> <span class='ocrx_word' id='word_1_229' title='bbox 945 2893 985 2931; x_wconf 91' lang='lat' dir='ltr'>te</span> <span class='ocrx_word' id='word_1_230' title='bbox 1010 2890 1091 2931; x_wconf 88' lang='lat' dir='ltr'>sal-</span> 
     </span>
     <span class='ocr_line' id='line_1_38' title="bbox 217 2963 495 2992; baseline 0 -2"><span class='ocrx_word' id='word_1_231' title='bbox 217 2963 320 2991; x_wconf 63' lang='lat' dir='ltr'>vum</span> <span class='ocrx_word' id='word_1_232' title='bbox 352 2963 495 2992; x_wconf 85' lang='lat' dir='ltr'>esse.»</span> 
     </span>
    </p>

    <p class='ocr_par' dir='ltr' id='par_1_11' title="bbox 214 3014 1092 3438">
     <span class='ocr_line' id='line_1_39' title="bbox 272 3014 1085 3065; baseline 0 -12"><span class='ocrx_word' id='word_1_233' title='bbox 272 3014 442 3054; x_wconf 71' lang='lat'>28-34..</span> <span class='ocrx_word' id='word_1_234' title='bbox 496 3014 643 3053; x_wconf 79' lang='lat' dir='ltr'>Omnes</span> <span class='ocrx_word' id='word_1_235' title='bbox 685 3016 907 3065; x_wconf 71' lang='lat' dir='ltr'>composui]</span> <span class='ocrx_word' id='word_1_236' title='bbox 953 3016 1085 3055; x_wconf 87' lang='lat' dir='ltr'>Tacit.</span> 
     </span>
     <span class='ocr_line' id='line_1_40' title="bbox 216 3075 1092 3116; baseline 0 -1"><span class='ocrx_word' id='word_1_237' title='bbox 216 3076 322 3115; x_wconf 87' lang='lat' dir='ltr'>llist.</span> <span class='ocrx_word' id='word_1_238' title='bbox 360 3077 404 3115; x_wconf 79' lang='lat' dir='ltr'>t.</span> <span class='ocrx_word' id='word_1_239' title='bbox 440 3075 511 3115; x_wconf 66' lang='lat'>47:</span> <span class='ocrx_word' id='word_1_240' title='bbox 551 3077 737 3115; x_wconf 78' lang='lat' dir='ltr'>Pisonem</span> <span class='ocrx_word' id='word_1_241' title='bbox 774 3077 951 3116; x_wconf 79' lang='lat' dir='ltr'>Verania</span> <span class='ocrx_word' id='word_1_242' title='bbox 980 3088 1092 3115; x_wconf 64' lang='lat' dir='ltr'>uror</span> 
     </span>
     <span class='ocr_line' id='line_1_41' title="bbox 217 3137 1090 3188; baseline 0 -11"><span class='ocrx_word' id='word_1_243' title='bbox 217 3149 267 3177; x_wconf 79' lang='lat' dir='ltr'>ac</span> <span class='ocrx_word' id='word_1_244' title='bbox 303 3137 436 3188; x_wconf 67' lang='lat' dir='ltr'>fralet·</span> <span class='ocrx_word' id='word_1_245' title='bbox 476 3138 791 3187; x_wconf 72' lang='lat' dir='ltr'>Scribonianus,</span> <span class='ocrx_word' id='word_1_246' title='bbox 844 3139 971 3178; x_wconf 77' lang='lat' dir='ltr'>Titum</span> <span class='ocrx_word' id='word_1_247' title='bbox 1023 3139 1090 3177; x_wconf 74' lang='lat' dir='ltr'>Vi-</span> 
     </span>
     <span class='ocr_line' id='line_1_42' title="bbox 216 3199 1089 3250; baseline 0.002 -13"><span class='ocrx_word' id='word_1_248' title='bbox 216 3201 330 3239; x_wconf 78' lang='lat' dir='ltr'>nium</span> <span class='ocrx_word' id='word_1_249' title='bbox 363 3199 552 3249; x_wconf 78' lang='lat' dir='ltr'>Crispina</span> <span class='ocrx_word' id='word_1_250' title='bbox 580 3200 671 3250; x_wconf 78' lang='lat' dir='ltr'>filia</span> <span class='ocrx_word' id='word_1_251' title='bbox 700 3210 974 3249; x_wconf 76' lang='lat' dir='ltr'>composuere.</span> <span class='ocrx_word' id='word_1_252' title='bbox 1029 3201 1089 3239; x_wconf 90' lang='lat' dir='ltr'>Si-</span> 
     </span>
     <span class='ocr_line' id='line_1_43' title="bbox 215 3255 1084 3317; baseline 0 -16"><span class='ocrx_word' id='word_1_253' title='bbox 215 3261 374 3301; x_wconf 82' lang='lat' dir='ltr'>militer</span> <span class='ocrx_word' id='word_1_254' title='bbox 417 3259 755 3317; x_wconf 64' lang='lat' dir='ltr'>nepcote&#39;2.2.ec2¹,</span> <span class='ocrx_word' id='word_1_255' title='bbox 808 3255 1084 3311; x_wconf 72' lang='lat' dir='ltr'>beisetze&#39;n,</span> 
     </span>
     <span class='ocr_line' id='line_1_44' title="bbox 214 3323 1087 3375; baseline 0 -12"><span class='ocrx_word' id='word_1_256' title='bbox 214 3324 267 3363; x_wconf 81' lang='lat' dir='ltr'>de</span> <span class='ocrx_word' id='word_1_257' title='bbox 299 3323 544 3375; x_wconf 72' lang='lat' dir='ltr'>sepultura,</span> <span class='ocrx_word' id='word_1_258' title='bbox 590 3324 802 3375; x_wconf 82' lang='lat' dir='ltr'>imprimis</span> <span class='ocrx_word' id='word_1_259' title='bbox 842 3325 895 3364; x_wconf 79' lang='lat' dir='ltr'>de</span> <span class='ocrx_word' id='word_1_260' title='bbox 928 3325 1087 3364; x_wconf 75' lang='lat' dir='ltr'>cineri-</span> 
     </span>
     <span class='ocr_line' id='line_1_45' title="bbox 214 3385 1087 3438; baseline 0.002 -14"><span class='ocrx_word' id='word_1_261' title='bbox 214 3385 296 3426; x_wconf 88' lang='lat' dir='ltr'>bus</span> <span class='ocrx_word' id='word_1_262' title='bbox 328 3385 520 3426; x_wconf 76' lang='lat' dir='ltr'>collectis</span> <span class='ocrx_word' id='word_1_263' title='bbox 552 3389 683 3438; x_wconf 86' lang='lat' dir='ltr'>atque</span> <span class='ocrx_word' id='word_1_264' title='bbox 720 3388 760 3426; x_wconf 93' lang='lat' dir='ltr'>in</span> <span class='ocrx_word' id='word_1_265' title='bbox 794 3398 901 3426; x_wconf 88' lang='lat' dir='ltr'>urna</span> <span class='ocrx_word' id='word_1_266' title='bbox 934 3387 1087 3426; x_wconf 80' lang='lat' dir='ltr'>condi—</span> 
     </span>
    </p>
   </div>
   <div class='ocr_carea' id='block_1_10' title="bbox 214 3449 1121 3500">
    <p class='ocr_par' dir='ltr' id='par_1_12' title="bbox 214 3449 1121 3500">
     <span class='ocr_line' id='line_1_46' title="bbox 214 3449 1121 3500; baseline 0.001 -13"><span class='ocrx_word' id='word_1_267' title='bbox 214 3449 279 3487; x_wconf 75' lang='lat' dir='ltr'>tis.</span> <span class='ocrx_word' id='word_1_268' title='bbox 337 3449 453 3488; x_wconf 87' lang='lat' dir='ltr'>Haec</span> <span class='ocrx_word' id='word_1_269' title='bbox 494 3460 670 3500; x_wconf 84' lang='lat' dir='ltr'>quoque</span> <span class='ocrx_word' id='word_1_270' title='bbox 712 3449 847 3488; x_wconf 72' lang='lat' dir='ltr'>verba</span> <span class='ocrx_word' id='word_1_271' title='bbox 891 3450 1121 3489; x_wconf 78' lang='lat' dir='ltr'>animum-</span> 
     </span>
    </p>
   </div>
   <div class='ocr_carea' id='block_1_11' title="bbox 1149 1213 2035 3501">
    <p class='ocr_par' dir='ltr' id='par_1_13' title="bbox 1149 1213 2035 3501">
     <span class='ocr_line' id='line_1_47' title="bbox 1151 1213 2031 1266; baseline 0 -11"><span class='ocrx_word' id='word_1_272' title='bbox 1151 1216 1312 1255; x_wconf 86' lang='lat' dir='ltr'>durum</span> <span class='ocrx_word' id='word_1_273' title='bbox 1342 1213 1549 1266; x_wconf 88' lang='lat' dir='ltr'>nullaque</span> <span class='ocrx_word' id='word_1_274' title='bbox 1580 1215 1932 1266; x_wconf 86' lang='lat' dir='ltr'>propinquorum</span> <span class='ocrx_word' id='word_1_275' title='bbox 1954 1225 2031 1256; x_wconf 91' lang='lat' dir='ltr'>ca-</span> 
     </span>
     <span class='ocr_line' id='line_1_48' title="bbox 1149 1277 2032 1329; baseline 0 -12"><span class='ocrx_word' id='word_1_276' title='bbox 1149 1278 1275 1317; x_wconf 85' lang='lat' dir='ltr'>ritate</span> <span class='ocrx_word' id='word_1_277' title='bbox 1298 1279 1465 1317; x_wconf 89' lang='lat' dir='ltr'>tactum</span> <span class='ocrx_word' id='word_1_278' title='bbox 1486 1277 1752 1329; x_wconf 77' lang='lat' dir='ltr'>exprimunt.</span> <span class='ocrx_word' id='word_1_279' title='bbox 1793 1277 1900 1318; x_wconf 90' lang='lat' dir='ltr'>Mire</span> <span class='ocrx_word' id='word_1_280' title='bbox 1921 1278 2032 1317; x_wconf 82' lang='lat' dir='ltr'>Bax-</span> 
     </span>
     <span class='ocr_line' id='line_1_49' title="bbox 1151 1337 2033 1379; baseline 0 0"><span class='ocrx_word' id='word_1_281' title='bbox 1151 1342 1297 1379; x_wconf 87' lang='lat' dir='ltr'>terus:</span> <span class='ocrx_word' id='word_1_282' title='bbox 1325 1338 1594 1378; x_wconf 84' lang='lat' dir='ltr'>«Gratificari</span> <span class='ocrx_word' id='word_1_283' title='bbox 1613 1337 1705 1378; x_wconf 90' lang='lat' dir='ltr'>volt</span> <span class='ocrx_word' id='word_1_284' title='bbox 1724 1339 1901 1379; x_wconf 88' lang='lat' dir='ltr'>Horatio</span> <span class='ocrx_word' id='word_1_285' title='bbox 1922 1340 2033 1379; x_wconf 90' lang='lat' dir='ltr'>tam-</span> 
     </span>
     <span class='ocr_line' id='line_1_50' title="bbox 1152 1399 2028 1452; baseline 0 -13"><span class='ocrx_word' id='word_1_286' title='bbox 1152 1411 1286 1452; x_wconf 90' lang='lat' dir='ltr'>quam</span> <span class='ocrx_word' id='word_1_287' title='bbox 1326 1400 1471 1440; x_wconf 81' lang='lat' dir='ltr'>suturo</span> <span class='ocrx_word' id='word_1_288' title='bbox 1509 1400 1709 1440; x_wconf 88' lang='lat' dir='ltr'>heredi.»</span> <span class='ocrx_word' id='word_1_289' title='bbox 1745 1423 1789 1428; x_wconf 78' lang='lat'><em>-</em></span> <span class='ocrx_word' id='word_1_290' title='bbox 1831 1399 2028 1452; x_wconf 74' lang='lat' dir='ltr'>Felicesl]</span> 
     </span>
     <span class='ocr_line' id='line_1_51' title="bbox 1155 1460 2032 1512; baseline 0.005 -15"><span class='ocrx_word' id='word_1_291' title='bbox 1155 1473 1255 1511; x_wconf 86' lang='lat' dir='ltr'>«eo,</span> <span class='ocrx_word' id='word_1_292' title='bbox 1290 1461 1410 1512; x_wconf 88' lang='lat' dir='ltr'>quod</span> <span class='ocrx_word' id='word_1_293' title='bbox 1436 1473 1460 1502; x_wconf 90' lang='lat' dir='ltr'>a</span> <span class='ocrx_word' id='word_1_294' title='bbox 1492 1464 1533 1502; x_wconf 90' lang='lat' dir='ltr'>te</span> <span class='ocrx_word' id='word_1_295' title='bbox 1565 1463 1652 1502; x_wconf 88' lang='lat' dir='ltr'>iam</span> <span class='ocrx_word' id='word_1_296' title='bbox 1682 1460 1799 1501; x_wconf 91' lang='lat' dir='ltr'>nulla</span> <span class='ocrx_word' id='word_1_297' title='bbox 1829 1460 2032 1503; x_wconf 86' lang='lat' dir='ltr'>molestia</span> 
     </span>
     <span class='ocr_line' id='line_1_52' title="bbox 1153 1523 2030 1565; baseline 0.001 -2"><span class='ocrx_word' id='word_1_298' title='bbox 1153 1524 1444 1564; x_wconf 82' lang='lat' dir='ltr'>afficientur.»</span> <span class='ocrx_word' id='word_1_299' title='bbox 1511 1523 1684 1564; x_wconf 85' lang='lat' dir='ltr'>Scilicet</span> <span class='ocrx_word' id='word_1_300' title='bbox 1725 1524 1838 1564; x_wconf 90' lang='lat' dir='ltr'>haec</span> <span class='ocrx_word' id='word_1_301' title='bbox 1882 1524 2030 1565; x_wconf 90' lang='lat' dir='ltr'>omnia</span> 
     </span>
     <span class='ocr_line' id='line_1_53' title="bbox 1153 1585 2032 1627; baseline 0.001 -1"><span class='ocrx_word' id='word_1_302' title='bbox 1153 1585 1377 1626; x_wconf 85' lang='lat' dir='ltr'>submissa</span> <span class='ocrx_word' id='word_1_303' title='bbox 1418 1597 1529 1626; x_wconf 89' lang='lat' dir='ltr'>voce</span> <span class='ocrx_word' id='word_1_304' title='bbox 1579 1596 1734 1626; x_wconf 90' lang='lat' dir='ltr'>secum</span> <span class='ocrx_word' id='word_1_305' title='bbox 1782 1589 2032 1627; x_wconf 83' lang='lat' dir='ltr'>murmurat</span> 
     </span>
     <span class='ocr_line' id='line_1_54' title="bbox 1154 1648 2032 1700; baseline 0.002 -12"><span class='ocrx_word' id='word_1_306' title='bbox 1154 1649 1380 1698; x_wconf 88' lang='lat' dir='ltr'>Horatius,</span> <span class='ocrx_word' id='word_1_307' title='bbox 1426 1650 1476 1688; x_wconf 93' lang='lat' dir='ltr'>ut</span> <span class='ocrx_word' id='word_1_308' title='bbox 1503 1659 1545 1689; x_wconf 91' lang='lat' dir='ltr'>v.</span> <span class='ocrx_word' id='word_1_309' title='bbox 1581 1649 1671 1698; x_wconf 58' lang='lat'>42„</span> <span class='ocrx_word' id='word_1_310' title='bbox 1722 1648 1767 1688; x_wconf 90' lang='lat' dir='ltr'>id</span> <span class='ocrx_word' id='word_1_311' title='bbox 1797 1648 1919 1700; x_wconf 89' lang='lat' dir='ltr'>quod</span> <span class='ocrx_word' id='word_1_312' title='bbox 1958 1648 2032 1690; x_wconf 91' lang='lat' dir='ltr'>vel</span> 
     </span>
     <span class='ocr_line' id='line_1_55' title="bbox 1154 1709 2032 1761; baseline 0.001 -10"><span class='ocrx_word' id='word_1_313' title='bbox 1154 1723 1208 1752; x_wconf 78' lang='lat' dir='ltr'>ex</span> <span class='ocrx_word' id='word_1_314' title='bbox 1239 1722 1291 1751; x_wconf 93' lang='lat' dir='ltr'>eo</span> <span class='ocrx_word' id='word_1_315' title='bbox 1323 1709 1489 1760; x_wconf 89' lang='lat' dir='ltr'>elucet,</span> <span class='ocrx_word' id='word_1_316' title='bbox 1538 1710 1658 1761; x_wconf 85' lang='lat' dir='ltr'>quod</span> <span class='ocrx_word' id='word_1_317' title='bbox 1697 1709 1807 1750; x_wconf 89' lang='lat' dir='ltr'>alter</span> <span class='ocrx_word' id='word_1_318' title='bbox 1846 1710 1903 1750; x_wconf 89' lang='lat' dir='ltr'>ad</span> <span class='ocrx_word' id='word_1_319' title='bbox 1941 1712 2032 1752; x_wconf 89' lang='lat' dir='ltr'>tam</span> 
     </span>
     <span class='ocr_line' id='line_1_56' title="bbox 1153 1772 2034 1825; baseline 0.002 -13"><span class='ocrx_word' id='word_1_320' title='bbox 1153 1774 1313 1813; x_wconf 87' lang='lat' dir='ltr'>miram</span> <span class='ocrx_word' id='word_1_321' title='bbox 1334 1773 1634 1813; x_wconf 87' lang='lat' dir='ltr'>narrationem</span> <span class='ocrx_word' id='word_1_322' title='bbox 1655 1784 1710 1813; x_wconf 87' lang='lat' dir='ltr'>ne</span> <span class='ocrx_word' id='word_1_323' title='bbox 1726 1772 1915 1813; x_wconf 87' lang='lat' dir='ltr'>verbum</span> <span class='ocrx_word' id='word_1_324' title='bbox 1939 1774 2034 1825; x_wconf 91' lang='lat' dir='ltr'>qui-</span> 
     </span>
     <span class='ocr_line' id='line_1_57' title="bbox 1154 1834 2034 1887; baseline 0.001 -12"><span class='ocrx_word' id='word_1_325' title='bbox 1154 1836 1258 1875; x_wconf 90' lang='lat' dir='ltr'>dem</span> <span class='ocrx_word' id='word_1_326' title='bbox 1287 1834 1544 1887; x_wconf 89' lang='lat' dir='ltr'>respondet.</span> <span class='ocrx_word' id='word_1_327' title='bbox 1604 1835 1746 1876; x_wconf 89' lang='lat' dir='ltr'>Minus</span> <span class='ocrx_word' id='word_1_328' title='bbox 1772 1836 1894 1876; x_wconf 89' lang='lat' dir='ltr'>recte</span> <span class='ocrx_word' id='word_1_329' title='bbox 1925 1846 2034 1876; x_wconf 89' lang='lat' dir='ltr'>non-</span> 
     </span>
     <span class='ocr_line' id='line_1_58' title="bbox 1153 1897 2032 1949; baseline 0.002 -13"><span class='ocrx_word' id='word_1_330' title='bbox 1153 1907 1285 1936; x_wconf 89' lang='lat' dir='ltr'>nemo</span> <span class='ocrx_word' id='word_1_331' title='bbox 1305 1908 1375 1937; x_wconf 86' lang='lat' dir='ltr'>vv.</span> <span class='ocrx_word' id='word_1_332' title='bbox 1399 1897 1550 1937; x_wconf 75' lang='lat' dir='ltr'>Felices</span> <span class='ocrx_word' id='word_1_333' title='bbox 1567 1917 1586 1925; x_wconf 88' lang='lat'>-</span> <span class='ocrx_word' id='word_1_334' title='bbox 1604 1918 1622 1925; x_wconf 95' lang='lat'>-</span> <span class='ocrx_word' id='word_1_335' title='bbox 1640 1900 1749 1936; x_wconf 79' lang='lat' dir='ltr'>resto</span> <span class='ocrx_word' id='word_1_336' title='bbox 1778 1897 2032 1949; x_wconf 90' lang='lat' dir='ltr'>importuno</span> 
     </span>
     <span class='ocr_line' id='line_1_59' title="bbox 1152 1958 2032 2011; baseline 0.002 -13"><span class='ocrx_word' id='word_1_337' title='bbox 1152 1959 1318 1998; x_wconf 88' lang='lat' dir='ltr'>tribuit.</span> <span class='ocrx_word' id='word_1_338' title='bbox 1378 1958 1526 2000; x_wconf 89' lang='lat' dir='ltr'>Falsae</span> <span class='ocrx_word' id='word_1_339' title='bbox 1550 1959 1651 1998; x_wconf 90' lang='lat' dir='ltr'>huic</span> <span class='ocrx_word' id='word_1_340' title='bbox 1682 1960 2032 2011; x_wconf 87' lang='lat' dir='ltr'>interpretationi</span> 
     </span>
     <span class='ocr_line' id='line_1_60' title="bbox 1152 2021 2032 2073; baseline 0.001 -12"><span class='ocrx_word' id='word_1_341' title='bbox 1152 2021 1370 2073; x_wconf 89' lang='lat' dir='ltr'>imprimis</span> <span class='ocrx_word' id='word_1_342' title='bbox 1387 2021 1681 2061; x_wconf 88' lang='lat' dir='ltr'>adversantur</span> <span class='ocrx_word' id='word_1_343' title='bbox 1696 2033 1764 2061; x_wconf 90' lang='lat' dir='ltr'>vv.</span> <span class='ocrx_word' id='word_1_344' title='bbox 1788 2022 1913 2062; x_wconf 83' lang='lat' dir='ltr'>Haud</span> <span class='ocrx_word' id='word_1_345' title='bbox 1932 2022 2032 2062; x_wconf 79' lang='lat' dir='ltr'>mihi</span> 
     </span>
     <span class='ocr_line' id='line_1_61' title="bbox 1153 2082 2029 2135; baseline 0.002 -13"><span class='ocrx_word' id='word_1_346' title='bbox 1153 2084 1373 2132; x_wconf 78' lang='lat' dir='ltr'>quisquam</span> <span class='ocrx_word' id='word_1_347' title='bbox 1385 2094 1481 2135; x_wconf 87' lang='lat' dir='ltr'>pro:</span> <span class='ocrx_word' id='word_1_348' title='bbox 1508 2084 1634 2123; x_wconf 82' lang='lat' dir='ltr'>«Mihi</span> <span class='ocrx_word' id='word_1_349' title='bbox 1650 2082 1832 2134; x_wconf 91' lang='lat' dir='ltr'>quidem</span> <span class='ocrx_word' id='word_1_350' title='bbox 1843 2082 2029 2132; x_wconf 79' lang='lat' dir='ltr'>nullus›»;</span> 
     </span>
     <span class='ocr_line' id='line_1_62' title="bbox 1153 2146 2032 2196; baseline 0.001 -11"><span class='ocrx_word' id='word_1_351' title='bbox 1153 2147 1201 2185; x_wconf 89' lang='lat' dir='ltr'>ut</span> <span class='ocrx_word' id='word_1_352' title='bbox 1222 2156 1395 2195; x_wconf 86' lang='lat' dir='ltr'>omnes,</span> <span class='ocrx_word' id='word_1_353' title='bbox 1428 2146 1502 2196; x_wconf 91' lang='lat' dir='ltr'>qui</span> <span class='ocrx_word' id='word_1_354' title='bbox 1523 2146 1674 2185; x_wconf 90' lang='lat' dir='ltr'>Latine</span> <span class='ocrx_word' id='word_1_355' title='bbox 1695 2146 1859 2195; x_wconf 88' lang='lat' dir='ltr'>sciunt,</span> <span class='ocrx_word' id='word_1_356' title='bbox 1883 2146 2032 2186; x_wconf 87' lang='lat' dir='ltr'>statim</span> 
     </span>
     <span class='ocr_line' id='line_1_63' title="bbox 1153 2207 2034 2260; baseline 0.002 -14"><span class='ocrx_word' id='word_1_357' title='bbox 1153 2207 1318 2247; x_wconf 79' lang='lat' dir='ltr'>vident.</span> <span class='ocrx_word' id='word_1_358' title='bbox 1350 2208 1461 2255; x_wconf 89' lang='lat' dir='ltr'>Quin</span> <span class='ocrx_word' id='word_1_359' title='bbox 1482 2207 1651 2259; x_wconf 82' lang='lat' dir='ltr'>longius</span> <span class='ocrx_word' id='word_1_360' title='bbox 1670 2209 1800 2247; x_wconf 87' lang='lat' dir='ltr'>etiam</span> <span class='ocrx_word' id='word_1_361' title='bbox 1821 2218 2034 2260; x_wconf 83' lang='lat' dir='ltr'>progres-</span> 
     </span>
     <span class='ocr_line' id='line_1_64' title="bbox 1155 2269 2033 2310; baseline 0 -1"><span class='ocrx_word' id='word_1_362' title='bbox 1155 2280 1230 2309; x_wconf 92' lang='lat' dir='ltr'>sus</span> <span class='ocrx_word' id='word_1_363' title='bbox 1251 2270 1445 2309; x_wconf 78' lang='lat' dir='ltr'>Duntzer</span> <span class='ocrx_word' id='word_1_364' title='bbox 1466 2271 1610 2309; x_wconf 90' lang='lat' dir='ltr'>omnia</span> <span class='ocrx_word' id='word_1_365' title='bbox 1644 2270 1756 2310; x_wconf 90' lang='lat' dir='ltr'>haec</span> <span class='ocrx_word' id='word_1_366' title='bbox 1774 2271 1849 2310; x_wconf 80' lang='lat' dir='ltr'>Est</span> <span class='ocrx_word' id='word_1_367' title='bbox 1876 2269 1948 2310; x_wconf 79' lang='lat' dir='ltr'>tibi</span> <span class='ocrx_word' id='word_1_368' title='bbox 1967 2292 1991 2299; x_wconf 94' lang='lat'><em>-</em></span> <span class='ocrx_word' id='word_1_369' title='bbox 2009 2292 2033 2299; x_wconf 89' lang='lat'><em>-</em></span> 
     </span>
     <span class='ocr_line' id='line_1_65' title="bbox 1154 2331 2028 2372; baseline 0.002 -2"><span class='ocrx_word' id='word_1_370' title='bbox 1154 2331 1379 2371; x_wconf 76' lang='lat' dir='ltr'>adoleverit</span> <span class='ocrx_word' id='word_1_371' title='bbox 1398 2335 1514 2372; x_wconf 82' lang='lat' dir='ltr'>aetas</span> <span class='ocrx_word' id='word_1_372' title='bbox 1535 2333 1713 2372; x_wconf 87' lang='lat' dir='ltr'>Horatio</span> <span class='ocrx_word' id='word_1_373' title='bbox 1734 2332 1900 2372; x_wconf 86' lang='lat' dir='ltr'>tribuit.</span> <span class='ocrx_word' id='word_1_374' title='bbox 1932 2331 2028 2372; x_wconf 89' lang='lat' dir='ltr'>Vid.</span> 
     </span>
     <span class='ocr_line' id='line_1_66' title="bbox 1154 2395 2030 2445; baseline 0.002 -13"><span class='ocrx_word' id='word_1_375' title='bbox 1154 2395 1413 2433; x_wconf 80' lang='lat' dir='ltr'>Excursum.</span> <span class='ocrx_word' id='word_1_376' title='bbox 1468 2417 1513 2422; x_wconf 90' lang='lat'><em>-</em></span> <span class='ocrx_word' id='word_1_377' title='bbox 1576 2395 1703 2445; x_wconf 80' lang='lat' dir='ltr'>resto]</span> <span class='ocrx_word' id='word_1_378' title='bbox 1761 2405 2030 2445; x_wconf 91' lang='lat' dir='ltr'>«remaneo,</span> 
     </span>
     <span class='ocr_line' id='line_1_67' title="bbox 1155 2455 2033 2509; baseline 0.002 -14"><span class='ocrx_word' id='word_1_379' title='bbox 1155 2457 1230 2508; x_wconf 91' lang='lat' dir='ltr'>qui</span> <span class='ocrx_word' id='word_1_380' title='bbox 1260 2467 1285 2495; x_wconf 90' lang='lat' dir='ltr'>a</span> <span class='ocrx_word' id='word_1_381' title='bbox 1308 2458 1349 2495; x_wconf 95' lang='lat' dir='ltr'>te</span> <span class='ocrx_word' id='word_1_382' title='bbox 1371 2467 1660 2508; x_wconf 80' lang='lat' dir='ltr'>componar.»</span> <span class='ocrx_word' id='word_1_383' title='bbox 1686 2481 1730 2486; x_wconf 90' lang='lat'>—-</span> <span class='ocrx_word' id='word_1_384' title='bbox 1755 2457 1927 2509; x_wconf 74' lang='lat' dir='ltr'>Confice]</span> <span class='ocrx_word' id='word_1_385' title='bbox 1951 2455 2033 2497; x_wconf 90' lang='lat' dir='ltr'>«Il-</span> 
     </span>
     <span class='ocr_line' id='line_1_68' title="bbox 1153 2517 2030 2571; baseline -0.003 -13"><span class='ocrx_word' id='word_1_386' title='bbox 1153 2517 1237 2558; x_wconf 94' lang='lat' dir='ltr'>lico</span> <span class='ocrx_word' id='word_1_387' title='bbox 1260 2518 1314 2558; x_wconf 90' lang='lat' dir='ltr'>da</span> <span class='ocrx_word' id='word_1_388' title='bbox 1344 2519 1450 2558; x_wconf 89' lang='lat' dir='ltr'>mihi</span> <span class='ocrx_word' id='word_1_389' title='bbox 1480 2521 1694 2569; x_wconf 88' lang='lat' dir='ltr'>mortem,</span> <span class='ocrx_word' id='word_1_390' title='bbox 1728 2520 2030 2571; x_wconf 88' lang='lat' dir='ltr'>importune!»</span> 
     </span>
     <span class='ocr_line' id='line_1_69' title="bbox 1154 2581 2035 2633; baseline 0.003 -14"><span class='ocrx_word' id='word_1_391' title='bbox 1154 2583 1238 2620; x_wconf 90' lang='lat' dir='ltr'>Per</span> <span class='ocrx_word' id='word_1_392' title='bbox 1267 2581 1416 2620; x_wconf 91' lang='lat' dir='ltr'>iocum</span> <span class='ocrx_word' id='word_1_393' title='bbox 1446 2581 1557 2621; x_wconf 89' lang='lat' dir='ltr'>haec</span> <span class='ocrx_word' id='word_1_394' title='bbox 1578 2581 1694 2621; x_wconf 88' lang='lat' dir='ltr'>dicta</span> <span class='ocrx_word' id='word_1_395' title='bbox 1714 2584 1840 2632; x_wconf 89' lang='lat' dir='ltr'>sunt,</span> <span class='ocrx_word' id='word_1_396' title='bbox 1873 2583 1922 2622; x_wconf 87' lang='lat' dir='ltr'>ut</span> <span class='ocrx_word' id='word_1_397' title='bbox 1941 2583 2035 2633; x_wconf 85' lang='lat' dir='ltr'>qui-</span> 
     </span>
     <span class='ocr_line' id='line_1_70' title="bbox 1152 2642 2030 2694; baseline 0.002 -12"><span class='ocrx_word' id='word_1_398' title='bbox 1152 2644 1219 2683; x_wconf 87' lang='lat' dir='ltr'>vis</span> <span class='ocrx_word' id='word_1_399' title='bbox 1246 2642 1370 2683; x_wconf 80' lang='lat' dir='ltr'>facile</span> <span class='ocrx_word' id='word_1_400' title='bbox 1404 2643 1536 2683; x_wconf 72' lang='lat' dir='ltr'>videt.</span> <span class='ocrx_word' id='word_1_401' title='bbox 1575 2667 1620 2672; x_wconf 93' lang='lat'><strong>—</strong></span> <span class='ocrx_word' id='word_1_402' title='bbox 1654 2643 1819 2683; x_wconf 82' lang='lat' dir='ltr'>Sabella</span> <span class='ocrx_word' id='word_1_403' title='bbox 1837 2665 1892 2672; x_wconf 92' lang='lat'>--</span> <span class='ocrx_word' id='word_1_404' title='bbox 1911 2645 2030 2694; x_wconf 80' lang='lat' dir='ltr'>anus]</span> 
     </span>
     <span class='ocr_line' id='line_1_71' title="bbox 1154 2704 2031 2757; baseline 0.001 -13"><span class='ocrx_word' id='word_1_405' title='bbox 1154 2704 1316 2745; x_wconf 87' lang='lat' dir='ltr'>Sabina</span> <span class='ocrx_word' id='word_1_406' title='bbox 1347 2704 1576 2756; x_wconf 82' lang='lat' dir='ltr'>sortilega,</span> <span class='ocrx_word' id='word_1_407' title='bbox 1626 2717 1739 2757; x_wconf 86' lang='lat' dir='ltr'>quae</span> <span class='ocrx_word' id='word_1_408' title='bbox 1772 2705 2031 2757; x_wconf 90' lang='lat' dir='ltr'>quaesticuli</span> 
     </span>
     <span class='ocr_line' id='line_1_72' title="bbox 1154 2765 2029 2819; baseline 0.001 -12"><span class='ocrx_word' id='word_1_409' title='bbox 1154 2778 1287 2807; x_wconf 88' lang='lat' dir='ltr'>causa</span> <span class='ocrx_word' id='word_1_410' title='bbox 1342 2768 1660 2819; x_wconf 89' lang='lat' dir='ltr'>superstitiosis</span> <span class='ocrx_word' id='word_1_411' title='bbox 1715 2765 2029 2808; x_wconf 88' lang='lat' dir='ltr'>hariolabatur.</span> 
     </span>
     <span class='ocr_line' id='line_1_73' title="bbox 1155 2828 2032 2882; baseline 0.001 -14"><span class='ocrx_word' id='word_1_412' title='bbox 1155 2828 1276 2868; x_wconf 87' lang='lat' dir='ltr'>Cons.</span> <span class='ocrx_word' id='word_1_413' title='bbox 1311 2829 1447 2880; x_wconf 89' lang='lat' dir='ltr'>Epod.</span> <span class='ocrx_word' id='word_1_414' title='bbox 1483 2829 1557 2878; x_wconf 71' lang='lat'>47,</span> <span class='ocrx_word' id='word_1_415' title='bbox 1600 2829 1666 2870; x_wconf 65' lang='lat'>28.</span> <span class='ocrx_word' id='word_1_416' title='bbox 1719 2831 1803 2869; x_wconf 90' lang='lat' dir='ltr'>Per</span> <span class='ocrx_word' id='word_1_417' title='bbox 1832 2841 1880 2870; x_wconf 88' lang='lat' dir='ltr'>se</span> <span class='ocrx_word' id='word_1_418' title='bbox 1911 2831 2032 2882; x_wconf 88' lang='lat' dir='ltr'>patet</span> 
     </span>
     <span class='ocr_line' id='line_1_74' title="bbox 1153 2890 2029 2942; baseline 0.003 -13"><span class='ocrx_word' id='word_1_419' title='bbox 1153 2901 1249 2930; x_wconf 90' lang='lat' dir='ltr'>rem</span> <span class='ocrx_word' id='word_1_420' title='bbox 1294 2901 1393 2931; x_wconf 92' lang='lat' dir='ltr'>esse</span> <span class='ocrx_word' id='word_1_421' title='bbox 1438 2890 1601 2931; x_wconf 88' lang='lat' dir='ltr'>fictam.</span> <span class='ocrx_word' id='word_1_422' title='bbox 1652 2914 1698 2920; x_wconf 93' lang='lat'>—</span> <span class='ocrx_word' id='word_1_423' title='bbox 1745 2893 1887 2932; x_wconf 76' lang='lat' dir='ltr'>divina</span> <span class='ocrx_word' id='word_1_424' title='bbox 1927 2892 2029 2942; x_wconf 90' lang='lat' dir='ltr'>cet.]</span> 
     </span>
     <span class='ocr_line' id='line_1_75' title="bbox 1152 2954 2032 3006; baseline 0.006 -16"><span class='ocrx_word' id='word_1_425' title='bbox 1152 2956 1265 2991; x_wconf 71' lang='lat' dir='ltr'>mota</span> <span class='ocrx_word' id='word_1_426' title='bbox 1294 2956 1405 2992; x_wconf 69' lang='lat' dir='ltr'>urna</span> <span class='ocrx_word' id='word_1_427' title='bbox 1435 2954 1600 3003; x_wconf 73' lang='lat' dir='ltr'>diuina,</span> <span class='ocrx_word' id='word_1_428' title='bbox 1637 2956 1898 3006; x_wconf 86' lang='lat' dir='ltr'>«postquam</span> <span class='ocrx_word' id='word_1_429' title='bbox 1928 2965 2032 2995; x_wconf 91' lang='lat' dir='ltr'>con-</span> 
     </span>
     <span class='ocr_line' id='line_1_76' title="bbox 1154 3015 2030 3065; baseline 0.003 -12"><span class='ocrx_word' id='word_1_430' title='bbox 1154 3015 1289 3054; x_wconf 85' lang='lat' dir='ltr'>cussit</span> <span class='ocrx_word' id='word_1_431' title='bbox 1320 3015 1526 3064; x_wconf 75' lang='lat' dir='ltr'>divinam,</span> <span class='ocrx_word' id='word_1_432' title='bbox 1576 3016 1616 3055; x_wconf 89' lang='lat' dir='ltr'>id</span> <span class='ocrx_word' id='word_1_433' title='bbox 1649 3018 1735 3065; x_wconf 90' lang='lat' dir='ltr'>est,</span> <span class='ocrx_word' id='word_1_434' title='bbox 1782 3018 1831 3056; x_wconf 92' lang='lat' dir='ltr'>ut</span> <span class='ocrx_word' id='word_1_435' title='bbox 1867 3017 1925 3056; x_wconf 88' lang='lat' dir='ltr'>ita</span> <span class='ocrx_word' id='word_1_436' title='bbox 1963 3015 2030 3056; x_wconf 92' lang='lat' dir='ltr'>di-</span> 
     </span>
     <span class='ocr_line' id='line_1_77' title="bbox 1153 3077 2030 3129; baseline 0.005 -15"><span class='ocrx_word' id='word_1_437' title='bbox 1153 3087 1276 3123; x_wconf 82' lang='lat' dir='ltr'>cam,</span> <span class='ocrx_word' id='word_1_438' title='bbox 1318 3077 1625 3128; x_wconf 86' lang='lat' dir='ltr'>propheticam</span> <span class='ocrx_word' id='word_1_439' title='bbox 1655 3089 1813 3118; x_wconf 89' lang='lat' dir='ltr'>urnam</span> <span class='ocrx_word' id='word_1_440' title='bbox 1842 3089 2030 3129; x_wconf 90' lang='lat' dir='ltr'>sorsque</span> 
     </span>
     <span class='ocr_line' id='line_1_78' title="bbox 1152 3137 2027 3180; baseline 0.002 -3"><span class='ocrx_word' id='word_1_441' title='bbox 1152 3149 1252 3177; x_wconf 89' lang='lat' dir='ltr'>mea</span> <span class='ocrx_word' id='word_1_442' title='bbox 1289 3137 1502 3178; x_wconf 80' lang='lat' dir='ltr'>exsiluit.»</span> <span class='ocrx_word' id='word_1_443' title='bbox 1554 3141 1704 3179; x_wconf 88' lang='lat' dir='ltr'>Sortes</span> <span class='ocrx_word' id='word_1_444' title='bbox 1750 3141 1898 3179; x_wconf 88' lang='lat' dir='ltr'>autem</span> <span class='ocrx_word' id='word_1_445' title='bbox 1944 3141 2027 3180; x_wconf 90' lang='lat' dir='ltr'>hae</span> 
     </span>
     <span class='ocr_line' id='line_1_79' title="bbox 1151 3199 2031 3252; baseline 0.003 -14"><span class='ocrx_word' id='word_1_446' title='bbox 1151 3199 1338 3240; x_wconf 89' lang='lat' dir='ltr'>laminae</span> <span class='ocrx_word' id='word_1_447' title='bbox 1362 3203 1487 3240; x_wconf 91' lang='lat' dir='ltr'>erant</span> <span class='ocrx_word' id='word_1_448' title='bbox 1518 3212 1619 3241; x_wconf 86' lang='lat' dir='ltr'>cum</span> <span class='ocrx_word' id='word_1_449' title='bbox 1650 3201 1934 3252; x_wconf 87' lang='lat' dir='ltr'>inscriptione</span> <span class='ocrx_word' id='word_1_450' title='bbox 1956 3201 2031 3242; x_wconf 88' lang='lat' dir='ltr'>ali-</span> 
     </span>
     <span class='ocr_line' id='line_1_80' title="bbox 1153 3262 2028 3315; baseline 0.002 -14"><span class='ocrx_word' id='word_1_451' title='bbox 1153 3272 1236 3312; x_wconf 88' lang='lat' dir='ltr'>qua</span> <span class='ocrx_word' id='word_1_452' title='bbox 1269 3262 1492 3313; x_wconf 80' lang='lat' dir='ltr'>ambigua,</span> <span class='ocrx_word' id='word_1_453' title='bbox 1542 3274 1676 3314; x_wconf 87' lang='lat' dir='ltr'>quam</span> <span class='ocrx_word' id='word_1_454' title='bbox 1707 3262 1899 3313; x_wconf 80' lang='lat' dir='ltr'>sortilegi</span> <span class='ocrx_word' id='word_1_455' title='bbox 1946 3274 2028 3315; x_wconf 88' lang='lat' dir='ltr'>pro</span> 
     </span>
     <span class='ocr_line' id='line_1_81' title="bbox 1153 3324 2029 3376; baseline 0.002 -13"><span class='ocrx_word' id='word_1_456' title='bbox 1153 3327 1352 3375; x_wconf 83' lang='lat' dir='ltr'>tempore</span> <span class='ocrx_word' id='word_1_457' title='bbox 1377 3324 1798 3376; x_wconf 86' lang='lat' dir='ltr'>interpretabantur.</span> <span class='ocrx_word' id='word_1_458' title='bbox 1851 3324 1937 3364; x_wconf 87' lang='lat' dir='ltr'>Cfr.</span> <span class='ocrx_word' id='word_1_459' title='bbox 1964 3326 2029 3365; x_wconf 88' lang='lat' dir='ltr'>In—</span> 
     </span>
     <span class='ocr_line' id='line_1_82' title="bbox 1152 3386 2026 3437; baseline 0.001 -12"><span class='ocrx_word' id='word_1_460' title='bbox 1152 3388 1318 3437; x_wconf 81' lang='lat' dir='ltr'>scriptt.</span> <span class='ocrx_word' id='word_1_461' title='bbox 1369 3398 1426 3427; x_wconf 90' lang='lat' dir='ltr'>m.</span> <span class='ocrx_word' id='word_1_462' title='bbox 1475 3389 1564 3427; x_wconf 77' lang='lat' dir='ltr'>Lat..</span> <span class='ocrx_word' id='word_1_463' title='bbox 1612 3389 1661 3427; x_wconf 88' lang='lat' dir='ltr'>N.</span> <span class='ocrx_word' id='word_1_464' title='bbox 1708 3386 1829 3427; x_wconf 72' lang='lat'>2485.</span> <span class='ocrx_word' id='word_1_465' title='bbox 1910 3387 2026 3426; x_wconf 80' lang='lat' dir='ltr'>Cave</span> 
     </span>
     <span class='ocr_line' id='line_1_83' title="bbox 1152 3449 2026 3501; baseline 0.001 -12"><span class='ocrx_word' id='word_1_466' title='bbox 1152 3450 1305 3500; x_wconf 81' lang='lat' dir='ltr'>iungas</span> <span class='ocrx_word' id='word_1_467' title='bbox 1329 3462 1430 3491; x_wconf 78' lang='lat' dir='ltr'>eum</span> <span class='ocrx_word' id='word_1_468' title='bbox 1462 3449 1553 3491; x_wconf 88' lang='lat' dir='ltr'>aliis</span> <span class='ocrx_word' id='word_1_469' title='bbox 1576 3449 1643 3490; x_wconf 82' lang='lat' dir='ltr'>vel</span> <span class='ocrx_word' id='word_1_470' title='bbox 1673 3460 1777 3489; x_wconf 78' lang='lat' dir='ltr'>anus</span> <span class='ocrx_word' id='word_1_471' title='bbox 1798 3453 1910 3490; x_wconf 84' lang='lat' dir='ltr'>mota</span> <span class='ocrx_word' id='word_1_472' title='bbox 1933 3449 2026 3501; x_wconf 89' lang='lat' dir='ltr'>(no-</span> 
     </span>
    </p>
   </div>
  </div>
 </body>
</html>
