2231 3787
938 199 1035 238 LlB.
1072 199 1101 237 I.

1166 200 1276 239 SAT.
1311 200 1340 238 1.

293 330 649 384 Praeteritum
689 339 935 384 temnens
976 337 1247 383 extremos
1288 331 1425 384 inter
1464 338 1697 385 euntem.

294 433 424 486 Inde
464 432 545 496 fit,
588 441 646 485 ut
685 450 833 495 raro,
877 432 969 504 qui
1012 450 1071 486 se
1111 433 1311 486 vixisse
1350 432 1571 487 beatum

289 536 444 589 Dicat
483 544 535 589 et
574 543 764 589 exacto
805 542 1090 588 contentus
1131 542 1375 606 tempore
1415 536 1523 589 vita

292 638 460 692 Cedat
498 638 572 690 uti
614 637 840 691 conviva
880 644 1050 700 satur,
1093 637 1338 709 reperire
1379 655 1662 709 queamus,
1703 671 1772 677 ——

291 742 402 793 Iam
443 740 571 794 satis
613 748 709 793 est.
785 741 862 793 Ne
902 758 989 794 me
1031 739 1260 812 Crispini
1302 740 1500 794 scrinia
1534 740 1665 812 lippi
1959 741 2060 796 1⁶20

291 842 626 915 Compilasse
665 851 851 914 puteS‚
894 842 1124 897 verbum
1168 860 1276 896 non
1316 842 1546 915 amplius
1587 843 1799 897 addam.

335 995 424 1035 118.
456 995 568 1034 ritae
598 993 673 1043 bd,
708 995 903 1035 Pottierii
933 993 1160 1047 plerique,
1196 996 1258 1035 Lt.
1298 1019 1342 1023 —
1378 996 1472 1036 420.
1506 996 1667 1046 lippum
1696 1007 1719 1035 e
1749 996 2003 1036 coniectura

272 1057 510 1098 Bentleius.

216 1192 320 1231 dam
350 1190 653 1242 loquacissimi
676 1201 863 1240 nomen,
898 1191 973 1242 qui
994 1185 1106 1247 ἀρε-

214 1251 421 1309 τάλογος
451 1254 596 1295 dictus
629 1255 718 1301 est3
759 1255 939 1306 scripsit
970 1255 1104 1295 etiam

215 1329 373 1359 versus
418 1317 473 1358 de
519 1319 643 1358 secta
689 1319 886 1358 Stoica.»
948 1320 1101 1359 SCHoL.

212 1384 403 1433 Ineptum
432 1383 565 1421 vocat
594 1382 680 1421 Sat.
708 1382 752 1431 4,
787 1381 834 1431 3,
870 1381 963 1422 438.
1012 1382 1099 1422 Csr.

215 1447 303 1486 Sat.
340 1447 383 1494 4,
419 1444 466 1493 4,
503 1444 568 1485 44.
622 1445 671 1494 2,
712 1444 760 1494 7,
801 1444 869 1485 45.
906 1469 951 1473 —
985 1445 1102 1497 lippi]

215 1510 329 1548 Cum
369 1509 464 1560 ipse
505 1518 685 1559 quoque
727 1508 934 1549 Horatius
965 1509 1105 1549 inter—

216 1573 322 1612 dum
363 1571 510 1624 lippus
545 1571 652 1622 (sat.
679 1572 726 1620 4,
770 1572 816 1620 5,
860 1571 912 1611 30
945 1572 988 1611 et
1018 1570 1102 1621 49.)

214 1637 356 1683 esset,
391 1634 547 1674 festiva
577 1634 622 1673 h.
646 1632 673 1673 l.
704 1634 749 1674 in
779 1636 926 1674 semet
955 1635 1103 1687 ipsum

214 1698 353 1738 ironia
385 1695 605 1737 nonnullis
635 1708 744 1738 usus
765 1697 956 1737 videtur.
1012 1697 1099 1738 Cfr.

213 1761 394 1801 omnino
444 1759 601 1800 Iacobs
651 1761 790 1800 Lectt.
839 1760 1007 1801 Venus.
1055 1771 1100 1812 p.

213 1824 436 1873 305—3217.,
479 1823 555 1874 qui
595 1823 761 1863 Horatii
799 1826 1001 1864 mentem
1039 1824 1102 1865 sic

213 1886 425 1939 explicat:
461 1887 542 1925 «Es
572 1886 623 1926 ist
650 1886 759 1937 Zeit,
793 1888 889 1926 dass
918 1887 983 1926 ich
1003 1887 1103 1939 auf-

210 1951 331 2000 ho‘re‚
364 1961 436 1989 um
466 1950 557 1989 dem
578 1949 908 2001 lem-zsiehtiyen,
943 1961 1001 1989 αη
1020 1950 1105 1990 Au-

211 2025 290 2066 gen
318 2014 406 2053 und
437 2013 548 2053 Geist
587 2012 732 2052 blo‘den
773 2012 961 2063 Crispin,
1010 2015 1102 2053 dem

214 2077 277 2116 ich
317 2088 361 2116 so
405 2076 528 2115 sehon
570 2087 652 2115 von
695 2087 843 2115 aussen
886 2076 929 2115 in
973 2080 1104 2116 etwas

210 2140 385 2191 yletche,
431 2139 543 2178 nicht
582 2138 690 2178 auch
726 2139 830 2178 noch
868 2139 909 2178 in
950 2138 1103 2179 bretter

213 2202 584 2255 Geschwc'z'tziqlcett
622 2202 754 2253 9lez'ch
792 2213 849 2241 zu
885 2203 1098 2242 werden.»

212 2265 379 2305 Verum
410 2265 506 2304 fieri
536 2266 700 2316 potest,
736 2266 783 2304 ut
804 2264 860 2304 de
887 2264 999 2305 brevi
1021 2276 1100 2305 sua

213 2327 475 2379 lippitudine
506 2327 579 2366 1110
595 2338 651 2366 110
674 2328 874 2378 cogitarit
898 2328 1097 2379 quidem,

213 2390 295 2431 sed
323 2392 495 2430 tantum
518 2390 572 2430 de
594 2390 788 2430 hominis
814 2389 968 2430 insulsi
987 2390 1099 2430 facie

214 2455 256 2493 in
286 2453 474 2493 modum
513 2454 678 2493 misere
719 2451 957 2492 ridiculum
988 2453 1102 2493 assi-

213 2517 301 2556 duo
346 2515 417 2556 illo
462 2515 580 2556 malo
626 2516 883 2568 deturpata,
935 2514 1099 2555 «oculis

211 2580 431 2627 humidis,
472 2579 670 2629 rubidis,
711 2578 902 2620 fortasse
935 2590 989 2619 ex
1020 2590 1099 2619 sua

212 2642 321 2683 sede
366 2640 613 2694 propulsis,
664 2642 920 2682 continuato
965 2642 1096 2689 fletu,

212 2705 496 2746 carbunculis
520 2708 564 2746 et
592 2705 820 2747 ulceribus
842 2707 916 2746 aut
938 2716 1101 2757 super—

212 2769 522 2810 crescentibus
561 2771 637 2810 aut
678 2770 800 2810 cavis
839 2770 915 2809 aut
954 2767 1102 2809 sordi-

212 2831 339 2881 dis,»
388 2832 616 2884 quomodo
658 2833 782 2873 varia
827 2831 1100 2885 lippitudinis

213 2906 378 2945 genera
399 2895 616 2935 describit
638 2894 795 2936 Celsus
817 2896 861 2945 6,
893 2895 931 2935 6.
966 2896 1100 2935 etiam

211 2958 299 2997 hoc
330 2957 520 2999 docens:
567 2960 615 3010 fit
654 2970 704 2998 ea
741 2959 785 2998 in
815 2958 911 2998 aliis
941 2957 1099 3008 brevis,

212 3021 256 3059 tn
293 3020 389 3059 aliis
424 3021 552 3072 lonqa
591 3025 629 3061 et
669 3032 777 3071 quae
804 3022 881 3060 vix
910 3032 1102 3071 unquam

209 3083 401 3135 finiatur.
466 3082 660 3124 Calidius
691 3085 841 3123 autem
874 3082 1100 3124 Bentleius

212 3147 385 3186 tantum
435 3156 522 3184 non
572 3145 892 3186 declamatorio
934 3157 1099 3198 genere

212 3219 342 3249 usus:
379 3207 724 3259 «Impudentis»,
757 3210 920 3260 inquit,
953 3209 1101 3249 homi-

213 3271 281 3311 nis
312 3271 357 3310 et
386 3269 531 3310 stolidi
575 3281 676 3310 esse
715 3271 914 3321 videtur,
960 3272 1100 3311 immo

215 3334 443 3374 communi
464 3331 594 3385 plane
617 3343 755 3373 sensu
778 3334 984 3382 carentis,
1010 3334 1101 3374 Cri—

214 3396 391 3447 spinum
432 3395 489 3436 ob
532 3394 842 3448 lippitudinem
873 3396 1095 3446 deridere,

1173 1202 1276 1231 cum
1321 1192 1415 1243 ipse
1463 1190 1625 1231 eodem
1669 1190 1773 1230 vitio
1814 1189 2056 1231 laboraret.

1171 1256 1409 1306 Nunquam
1424 1254 1635 1306 equidem
1653 1253 1926 1294 crediderim
1944 1254 2059 1296 adeo

1171 1317 1240 1357 sui
1284 1315 1471 1357 oblitum
1517 1318 1561 1357 et
1601 1316 1754 1357 decori
1793 1317 2060 1358 inscientem

1170 1378 1328 1428 fuisse,
1377 1381 1425 1419 ut
1468 1379 1553 1419 hoc
1598 1379 1780 1420 faceret.
1823 1403 1847 1409 -
1884 1402 1907 1408 -
1946 1379 2059 1428 Quid

1171 1444 1308 1493 ergo?
1338 1443 1447 1482 mihi
1477 1441 1595 1483 nulla
1627 1442 1812 1494 quidem
1843 1441 2060 1482 dubitatio

1171 1507 1259 1554 est,
1308 1506 1415 1556 quin
1446 1505 1679 1557 scripserit
1716 1505 1890 1556 lippum.
1951 1505 2060 1545 Tam

1172 1568 1290 1608 enim
1328 1568 1416 1608 hoc
1450 1567 1623 1609 urbane
1663 1570 1706 1609 et
1745 1568 1888 1609 facete
1921 1567 1976 1608 de
2009 1578 2057 1608 se

1170 1631 1350 1681 dixerit,
1399 1643 1535 1682 quam
1575 1631 1631 1671 de
1664 1632 1866 1683 Crispino
1898 1628 2057 1671 stolide

1171 1695 1215 1734 et
1245 1694 1533 1734 inhumane.»
1585 1693 1673 1734 Sed
1704 1705 1820 1745 quae
1857 1704 1957 1734 sors
1991 1694 2059 1734 est

1169 1757 1397 1797 interdum
1437 1758 1799 1797 coniecturarum
1838 1755 1959 1796 haud
1989 1755 2059 1795 ui-

1169 1821 1253 1861 mis
1281 1819 1497 1870 felicium,
1531 1822 1580 1860 ut
1601 1819 1711 1861 alius
1733 1819 2057 1871 superveniens

1170 1883 1355 1923 easdem
1386 1884 1442 1923 ita
1476 1882 1720 1935 approbet,
1756 1884 1805 1922 ut
1834 1880 1964 1932 longe
1987 1881 2058 1921 di-

1166 1957 1348 1987 versam
1380 1945 1753 1997 significationem
1793 1946 1844 1986 iis
1874 1943 2055 1994 tribuat,

1168 2021 1304 2062 quam
1343 2010 1543 2062 ipsarum
1584 2011 1793 2049 auctores
1833 2007 2053 2055 fecerant,

1168 2074 1239 2113 hic
1270 2084 1450 2124 quoque
1482 2083 1566 2113 usu
1606 2073 1747 2121 venit,
1794 2073 1843 2111 ut
1887 2070 1965 2111 Od.
2004 2070 2054 2119 3,

1168 2136 1242 2186 44,
1277 2138 1342 2176 40.
1378 2137 1420 2175 111
1443 2134 1525 2176 11115
1540 2136 1690 2187 puellis
1710 2136 1798 2174 tam
1817 2135 1958 2174 virum
1978 2146 2055 2174 ex-

1159 2200 1368 2250 pertibus,
1403 2200 1571 2239 etenim
1597 2198 1812 2249 Reisigius
1842 2199 1901 2238 ita
1926 2199 2056 2238 Bent—

1166 2262 1237 2303 leii
1256 2264 1561 2302 coniecturam
1588 2262 1893 2302 concinnavit:
1931 2261 2058 2300 «scri-

1166 2327 1241 2365 nia
1279 2326 1441 2375 lippum
1468 2325 1723 2374 compilasse
1763 2326 1832 2364 est
1868 2323 2056 2363 «scrinia

1167 2386 1283 2427 male
1324 2385 1614 2438 compilare,»
1645 2388 1695 2426 ut
1729 2387 1770 2425 in
1804 2386 1892 2424 Sat.
1925 2386 1970 2434 4,
2005 2385 2051 2432 3,

1166 2451 1232 2489 ⁶25.
1267 2449 1427 2499 lippum
1449 2449 1671 2499 pervidere
1693 2449 1762 2488 est
1784 2445 1926 2487 «male
1949 2458 2055 2498 per-

1169 2512 1362 2552 videre».
1398 2512 1589 2563 «Lippus
1613 2511 1733 2551 enim
1753 2511 1936 2562 putatur
1956 2521 2055 2550 ma-

1164 2575 1233 2616 lus
1263 2575 1333 2615 fur
1354 2586 1500 2616 esse.»
1548 2575 1778 2625 Frequens
1799 2575 1950 2613 autem
1971 2572 2055 2625 lip-

1165 2639 1376 2692 pitudinis
1397 2638 1565 2678 mentio
1589 2638 1724 2677 etiam
1745 2636 1865 2689 apud
1884 2636 2057 2676 Aristo-

1164 2703 1383 2755 phanem,
1417 2703 1466 2741 ut
1495 2702 1602 2742 Ran.
1637 2701 1716 2741 492
1749 2701 1833 2741 cet.
1869 2698 2053 2740 Ridiculi

1164 2766 1317 2806 nescio
1349 2764 1456 2817 quid
1487 2765 1531 2805 111
1551 2764 1638 2804 1100
1659 2763 1821 2804 morbo
1843 2762 2055 2803 videbant

1165 2828 1349 2880 antiqui,
1384 2829 1433 2868 ut
1462 2828 1505 2867 in
1537 2825 1708 2867 calvitie
1731 2838 1783 2866 ac
1814 2824 2049 2866 similibus.

1169 2915 1213 2920 -
1237 2891 1409 2943 scrinia]
1443 2890 1609 2942 Lepide
1641 2889 1861 2941 significat
1887 2889 2054 2940 Crispi-

1165 2965 1274 2995 num
1295 2955 1387 2993 tota
1408 2953 1569 2994 scrinia
1590 2951 1809 2992 librorum
1831 2963 1855 2991 a
1879 2962 1926 2991 se
1950 2962 2053 2991 con-

1165 3018 1435 3068 scriptorum
1480 3014 1613 3067 plena
1658 3014 1778 3055 domi
1820 3013 2049 3054 habuisse.

1166 3081 1379 3121 Ceterum
1410 3080 1590 3131 poetam
1621 3079 1712 3118 tota
1732 3078 1884 3117 nostra
1911 3076 2052 3116 Satira

1165 3141 1269 3183 nihil
1287 3141 1405 3182 aliud
1423 3142 1568 3193 egisse
1585 3141 1668 3181 nisi
1683 3142 1732 3180 ut
1746 3139 1916 3180 fatuum
1933 3139 2052 3179 hunc

1166 3206 1422 3258 Crispinum
1442 3203 1658 3244 imItando
1683 3201 1904 3251 irrideret,
1935 3212 2050 3252 quae

1164 3268 1408 3310 Morstadtii
1439 3267 1587 3319 opinio
1619 3266 1689 3307 est
1709 3265 1872 3317 (Proqr.
1898 3265 2046 3313 Gymn.

1163 3331 1366 3382 Scaphus.
1397 3330 1554 3381 4845),
1586 3329 1654 3369 vir
1675 3328 1959 3369 doctissimus
1980 3326 2051 3365 vix

1165 3395 1376 3445 cuiquam
1407 3391 1712 3445 persuadebit.
