2231 3787
266 306 366 357 6702

874 304 1089 344 HORATll
1122 301 1489 342 EPISTOLARUM

336 435 613 489 Limitibus
652 434 826 488 vicina
864 433 1055 504 refugit
1096 431 1288 502 iurgia3
1332 440 1603 500 tamquam

337 537 412 590 Sit
451 537 728 608 proprium
769 535 1088 606 quidquam,
1133 542 1328 603 puncto
1368 531 1515 602 quod
1558 528 1771 582 mobilis
1810 527 1977 580 horae

337 641 486 692 Nunc
513 655 697 709 prece,
728 653 869 689 nunc
891 635 1088 706 pretio.
1120 650 1260 686 nunc
1280 633 1356 693 vi,
1388 649 1530 685 nunc
1553 638 1722 685 morte
1751 646 2005 700 suprema

338 743 609 794 Permutet
647 738 893 790 dominos
933 744 986 789 et
1022 734 1179 789 cedat
1217 734 1269 786 in
1309 733 1475 787 altera
1514 733 1644 785 iura.

341 843 428 895 Sic
467 841 592 911 quia
631 846 927 910 perpetuus
965 836 1094 889 nulli
1135 835 1292 888 datur
1329 853 1485 895 usne,
1529 844 1581 888 et
1617 833 1779 888 heres

1991 831 2091 884 475

338 941 609 996 Heredem
648 939 867 993 alterius
905 937 1050 992 velut
1088 937 1233 990 unda
1271 936 1584 1007 supervenit
1620 936 1845 998 undam,

378 1092 470 1130 474.
502 1091 640 1142 refigit
659 1101 682 1130 e
706 1089 845 1130 Codd.
870 1088 1071 1128 Lambini
1092 1087 1258 1139 aliquot
1279 1089 1323 1127 et
1344 1097 1459 1126 corr.
1483 1100 1520 1138 μ
1553 1086 1700 1137 (etiam
1722 1096 1825 1125 cum
1846 1086 2033 1136 Franeq.

324 1157 367 1194 et
411 1152 586 1193 duobus
632 1152 837 1201 Pottierii)
881 1150 1119 1191 Bentleius.

324 1216 498 1256 Corti'us
529 1214 585 1254 ad
615 1216 776 1254 Lucan.
816 1213 860 1263 4,

264 1356 509 1408 possessioni
539 1357 800 1393 consecratus
811 1364 824 1400 ‚·
862 1353 968 1392 alter
997 1353 1150 1392 dicitur

270 1419 467 1471 aqrestis,
487 1416 744 1467 pastionibus
763 1419 1049 1462 consecratus;
1071 1419 1151 1454 ter-

268 1483 350 1521 tius
379 1479 615 1527 orientatis,
648 1479 715 1517 cui
744 1481 802 1517 est
821 1478 865 1516 in
885 1478 1060 1528 confinio
1083 1477 1150 1516 lu-

269 1555 356 1583 cus
384 1543 566 1593 positus,
605 1552 633 1579 a
670 1552 749 1590 quc
788 1541 897 1578 inter
927 1540 1027 1578 duos
1051 1540 1153 1589 piu-

270 1617 383 1646 resve
422 1607 523 1657 sines
566 1604 786 1649 oriuntur,·
830 1603 1002 1652 ideoque
1044 1603 1151 1641 inter

269 1671 371 1708 duos
385 1668 576 1717 pluresve
597 1670 653 1705 est
675 1666 834 1704 lucus.
869 1665 1007 1704 Varro
1029 1666 1076 1704 R.
1100 1666 1147 1703 R.

272 1732 316 1778 4,
352 1731 424 1769 45ῑ
470 1730 693 1768 Praeterea
737 1728 823 1767 sine
865 1728 1016 1776 saeptis
1053 1728 1154 1778 fines

266 1793 433 1842 praedii
462 1791 635 1830 sationis
664 1790 771 1829 notis
802 1790 1003 1829 arborum
1033 1789 1154 1828 tutio-

269 1866 336 1894 res
361 1856 485 1905 fiunt,
525 1864 575 1892 ne
612 1852 800 1902 familiae
833 1852 1030 1890 rixentur
1059 1862 1154 1889 cum

269 1917 416 1955 vicinis
459 1926 509 1954 ac
545 1915 692 1953 limites
729 1925 782 1953 esc
811 1913 948 1952 litibus
976 1913 1154 1951 iudicem

274 1982 496 2029 quaerant.
544 1978 697 2017 Serunt
725 1976 800 2015 alii
829 1976 988 2015 circum
1010 1975 1150 2025 pinus,

274 2063 296 2070 -
318 2064 339 2070 -
361 2042 435 2080 alii
465 2051 701 2090 cupressos,
734 2061 756 2067 -
775 2061 798 2067 —
819 2039 894 2078 alii
922 2039 1070 2087 ulmos,
1094 2060 1116 2066 -
1131 2060 1154 2066 -

272 2105 383 2152 quod
410 2103 480 2142 ubi
500 2104 541 2141 id
555 2106 672 2152 pote,
700 2124 723 2129 —
739 2124 762 2130 -
782 2101 901 2140 nulla
922 2101 1065 2150 potior
1085 2111 1156 2138 ar-

273 2167 347 2206 bor
375 2167 580 2213 serunda‚
619 2166 729 2212 quod
756 2165 943 2203 *maxime
969 2164 1157 2214 fructuo-

272 2241 342 2279 sa,
386 2230 494 2279 quod
523 2232 560 2267 et
589 2228 757 2267 sustinet
787 2238 952 2276 saepem
982 2238 1032 2265 ac
1062 2227 1157 2265 colit

272 2292 432 2341 aliquot
475 2290 666 2330 corbulas
708 2300 905 2329 uvarum.
969 2289 1030 2328 Ex
1071 2289 1155 2328 hoc

271 2354 482 2393 Varronis
512 2351 610 2392 loco
639 2364 681 2391 v.
706 2353 844 2391 adsita
871 2353 993 2390 recte
1017 2351 1155 2391 duces

274 2427 298 2455 a
317 2428 360 2456 v.
384 2417 590 2454 adserere.
637 2415 868 2465 Agroetius
889 2425 932 2465 p.
958 2413 1080 2454 2274.
1106 2416 1151 2454 Ρ.

275 2477 463 2529 explicat
489 2477 639 2516 vitibus
665 2478 887 2516 maritata.
927 2476 988 2516 Cf.
1013 2476 1151 2527 Epod.

273 2540 314 2587 2,
341 2540 364 2578 9
388 2550 454 2590 sq.
490 2538 643 2579 Catull.
668 2539 734 2588 64,
760 2539 859 2578 406;
894 2539 1053 2577 adsitas
1087 2539 1156 2578 Vi-

275 2602 325 2641 tis
343 2602 529 2650 implicat
549 2601 731 2640 arbores.
761 2623 805 2629 —
828 2600 995 2652 i·efu9it]
1029 2601 1154 2651 quasi

274 2665 369 2716 ipsa
399 2662 587 2715 populus
617 2662 815 2702 limitaris
846 2663 982 2713 iurgia
1006 2662 1153 2703 odisse

275 2724 443 2773 soleat;
505 2725 753 2776 perfectum
795 2718 1055 2781 ἀορίστως,
1107 2727 1155 2764 ut

275 2787 383 2837 Epp.
410 2788 426 2826 4
451 2818 458 2833 ,
492 2787 563 2835 49,
589 2786 664 2826 48:
710 2788 850 2826 Ludus
879 2788 987 2826 enim
1014 2787 1157 2838 genuit

275 2849 481 2897 trepidum
511 2853 719 2888 certamen
751 2853 788 2888 et
815 2849 949 2888 iram:
985 2850 1154 2901 «impe-

277 2910 376 2955 diit,
410 2920 591 2961 semper
620 2913 752 2962 atque
785 2913 1039 2951 etiamnunc
1068 2913 1155 2952 im-

277 2970 423 3022 pedit,
457 2982 511 3010 ne
544 2973 704 3022 iurgia,
737 2974 880 3021 rixae,
913 2972 1011 3013 lites
1041 2974 1156 3012 inter

276 3032 443 3071 vicinos
464 3033 701 3072 oriantur.»
727 3034 789 3074 Cf.
811 3035 919 3086 Epp.
938 3037 979 3084 2,
1001 3036 1038 3084 4,
1057 3035 1152 3074 204.

277 3095 435 3133 Mirum
457 3105 563 3133 sane
586 3097 673 3141 est,
706 3095 953 3136 Bentleium
972 3097 1156 3148 propter

277 3157 395 3196 hunc
426 3155 611 3207 perfecti
640 3167 771 3196 usum
806 3158 986 3197 minime
1017 3158 1154 3197 infre-

278 3219 491 3269 quentem
513 3217 633 3256 haud
655 3217 810 3269 procul
827 3219 882 3257 ab
902 3230 955 3258 eo
973 3219 1150 3268 afuisse,

277 3282 325 3319 ut
354 3280 574 3331 reciperet
603 3278 883 3319 falsissimam
917 3280 1152 3322 lectionem

277 3343 434 3393 refigit,
468 3353 602 3392 quam
634 3341 822 3393 explicat
841 3342 951 3382 litem
973 3344 1151 3393 resolvit,

279 3403 397 3454 quod
419 3407 486 3444 est
507 3405 592 3443 Sat.
618 3406 657 3453 2,
682 3405 721 3450 3,
749 3404 838 3444 403.
882 3405 946 3444 Ad
978 3417 1072 3445 rem
1097 3406 1150 3446 cf.

278 3466 395 3515 Virg.
428 3468 537 3505 Aen.
567 3467 636 3516 42,
670 3466 773 3506 898;
810 3466 991 3517 (saxum)
1024 3468 1155 3508 Limes

280 3538 384 3577 ayro
427 3528 609 3577 posituS,
661 3528 771 3568 litem
817 3532 862 3567 ut
911 3529 1156 3570 discerneret

1158 1174 1200 1178 —
1236 1151 1328 1189 1¹72.
1363 1151 1473 1200 quod
1496 1154 1652 1200 puncto
1684 1149 1792 1189 Cod.
1827 1149 2034 1189 Zwiccav.

899 1213 993 1253 556.
1030 1236 1075 1242 --
1110 1212 1201 1252 473.
1234 1217 1344 1252 sorte
1374 1213 1473 1253 LCt.

1524 1213 1668 1263 (morte
1699 1214 1852 1252 contra
1883 1222 2038 1252 omnes

1212 1353 1341 1403 aqris.
1364 1356 1640 1401 —tamquam
1661 1352 1724 1391 Sit
1737 1351 1962 1401 proprium
1977 1351 2096 1399 quid-

1213 1416 1353 1467 quam]
1386 1416 1471 1454 Sat.
1496 1416 1536 1461 2,
1560 1416 1599 1463 2,
1625 1414 1727 1453 429ῑ
1755 1414 1962 1464 propriae
1981 1413 2096 1453 tellu-

1211 1477 1271 1516 ris
1290 1478 1436 1517 herum
1453 1482 1613 1517 natura
1632 1488 1763 1526 neque
1784 1477 1901 1516 iilum
1919 1477 2004 1516 Nec
2031 1486 2096 1515 me

1212 1550 1285 1578 nec
1322 1550 1573 1588 quemquam
1608 1540 1781 1578 statuit:
1825 1550 1900 1578 nos
1936 1539 2096 1588 eaepulit

1212 1601 1306 1648 ilte‚·
1336 1602 1459 1640 Illum
1487 1605 1564 1641 aut
1589 1602 1789 1651 nequities
1809 1605 1883 1641 aut
1901 1601 2015 1652 vafri
2034 1601 2097 1639 in-

1214 1664 1336 1703 scitia
1356 1664 1462 1703 iuris
1477 1696 1489 1713 ,
1520 1665 1778 1704 Postremum
1795 1663 1970 1714 expellet
1989 1666 2097 1703 certe

1214 1726 1401 1765 vivacior
1429 1727 1556 1766 heres.
1602 1726 1875 1777 Antiphanes
1895 1728 1938 1765 in
1962 1725 2097 1765 Grotii

1216 1789 1318 1828 Exc.
1344 1799 1385 1839 p.
1413 1789 1516 1827 627:
1552 1780 1686 1838 ὅστις
1715 1782 1970 1845 ἄνθρωπος
2000 1800 2096 1836 φυ-

1217 1851 1284 1900 εὶς
1309 1845 1541 1900 Ἀσφαλε-’ς
1569 1863 1613 1890 τι
1644 1849 1771 1901 (quod
1796 1852 1847 1890 sit
1866 1855 2025 1889 certum
2045 1861 2097 1889 ac

1210 1913 1436 1961 proprium
1457 1913 1592 1962 Grot.)
1616 1908 1756 1964 κτῆμ’
1780 1906 2012 1969 ὑπάρχειν
2030 1910 2095 1964 τῷ

1215 1974 1306 2029 βίῳ
1343 1973 1598 2029 λογίζεται,
1645 1974 1883 2016 Πλεῖστον
1899 1998 1921 2004 -
1938 1970 2097 2032 ἡμάρ-

1216 2050 1374 2091 τηκεν.
1413 2039 1590 2077 Lucian.
1616 2039 1809 2089 Menipp.
1834 2038 1898 2078 46.
1930 2049 1973 2089 p.
1998 2038 2093 2078 276.

1217 2101 1409 2141 Iacobitz
1431 2113 1438 2140 :
1487 2095 1608 2140 ἔνιοι
1660 2100 1966 2153 (moribundi)
2017 2095 2094 2142 ὑπ

1218 2159 1624 2217 dyvcoflioouwygff
1606 2162 1685 2203 ἐπε
1672 2157 1838 2203 ιόὰν
1810 2161 1990 2221 απαιτῇ
2011 2160 2096 2204 τὸν

1218 2223 1408 2279 κόσαον
1430 2223 1670 2296 ezcovjoa
1691 2220 1720 2278 ἦ
1745 2223 1894 2279 Τύχη,
1919 2222 2098 2274 c‘k'yfflov-

1218 2289 1297 2329 ταί
1340 2301 1390 2328 τε
1432 2289 1514 2328 και
1549 2283 1906 2342 ἀγανακτοῦσιν
1935 2283 2096 2348 ω’σπερ

1220 2363 1247 2390 o
1262 2352 1452 2390 ἰκείων
1473 2348 1612 2390 τινῶν
1629 2363 1707 2391 στα
1689 2348 1995 2408 ερισκόιιενοι
2014 2352 2096 2392 καὶ

1220 2408 1312 2461 οὐχ
1351 2408 1382 2452 ἃ
1418 2409 1537 2471 :mog
1569 2407 1732 2467 ὀλίγον
1762 2410 2096 2471 ἐχρήσαντο

1218 2449 1541 2526 ἀποδιδόντες.
1579 2498 1623 2504 -
1649 2476 1819 2528 puncto]
1852 2478 1939 2517 Sat.
1972 2478 2015 2526 4,
2047 2479 2092 2526 4,

1219 2540 1267 2578 7:
1314 2539 1442 2577 horae
1469 2542 1695 2585 momento3
1740 2539 1902 2578 mobilis
1927 2540 2092 2588 autem,

1218 2602 1266 2639 ut
1296 2600 1418 2640 Ovid.
1452 2601 1553 2641 Met.
1580 2601 1651 2649 45,
1684 2600 1784 2640 480;
1831 2612 1960 2650 neque
1987 2601 2096 2641 enim

1216 2663 1434 2702 consistere
1474 2664 1649 2714 flumen,
1694 2663 1779 2701 Nec
1821 2662 1950 2702 levis
1974 2663 2097 2702 'hora

1211 2729 1361 2774 potest.
1399 2747 1442 2752 —
1474 2726 1596 2763 Nunc
1619 2735 1762 2774 prece,
1800 2736 1912 2764 nunc
1943 2724 2092 2776 pretio]

1216 2789 1311 2827 Non
1342 2785 1512 2827 insolita
1532 2785 1795 2826 allitteratio.
1833 2785 1991 2827 Salust.
2015 2788 2096 2828 Ca-

1217 2848 1275 2888 til.
1300 2848 1377 2889 49:
1423 2859 1553 2898 neque
1575 2848 1768 2898 precibus
1794 2859 1926 2899 neque
1951 2851 2096 2901 qratia

1216 2922 1346 2959 neque
1378 2911 1530 2960 pretio.
1592 2910 1714 2950 Ovid.
1755 2911 1865 2951 Fast.
1899 2912 1949 2961 2,
1987 2912 2090 2953 805;

1215 2973 1346 3011 Instat
1385 2983 1534 3011 amans
1569 2972 1694 3011 hostis
1716 2972 1911 3022 precibus
1932 2975 2096 3023 pretio-

1219 3045 1295 3083 que
1322 3034 1556 3083 minisque:
1601 3035 1686 3074 Nec
1712 3046 1834 3085 prece
1861 3046 1935 3075 nec
1956 3037 2095 3086 pretio

1216 3107 1288 3135 nec
1316 3101 1451 3136 movet
1480 3097 1547 3136 ille
1563 3097 1700 3136 minis.
1730 3119 1773 3125 -—
1802 3101 1936 3137 morte
1952 3109 2096 3148 supre-

1215 3158 1308 3209 ma]
1355 3159 1464 3198 Hinc
1508 3159 1697 3210 sumpsit
1739 3157 1864 3199 Silius
1900 3160 1947 3209 5,
1986 3159 2090 3201 4⁴6:

1215 3224 1348 3260 morte
1372 3231 1589 3270 suprema,
1622 3222 1670 3260 ut
1697 3231 1830 3272 saepe
1861 3221 1932 3260 hic
1961 3224 2093 3272 poeta

1218 3285 1260 3323 et
1297 3284 1470 3323 Tacitus
1509 3283 1754 3334 virgilianis
1788 3286 1921 3334 atque
1951 3285 2095 3324 Hora-

1217 3346 1344 3385 tianis
1374 3345 1518 3385 modis
1542 3346 1610 3386 usi
1630 3348 1746 3385 sunt.
1781 3346 1870 3386 Cic.
1894 3345 1950 3384 ad
1971 3346 2089 3387 Fam.

1217 3408 1256 3456 6,
1280 3408 1348 3457 24,
1374 3409 1389 3447 4
1410 3419 1417 3446 ;
1455 3408 1641 3447 omnium
1667 3419 1812 3447 rerum
1838 3418 1952 3447 mors
1971 3431 1994 3437 -
2012 3419 2090 3448 ex-

1215 3473 1404 3509 tremum.
1463 3470 1556 3510 Hoc
1601 3470 1719 3510 enim
1762 3470 1909 3521 ipsum
1952 3471 2089 3511 Latini

1216 3532 1466 3583 exprimere
1523 3530 1726 3572 solebant
1772 3531 1855 3572 hac
1902 3531 2088 3573 formula
