2231 3787
769 219 865 258 LIB.
901 220 932 257 l.
992 219 1155 258 EPIST.
1190 220 1334 258 xvlll.

1876 219 1977 271 ³367

212 349 511 402 Nocturnos
551 348 696 402 iures
736 357 786 402 te
827 349 1116 402 formidare
1158 365 1406 420 vapores,

212 450 383 503 Deme
424 449 714 521 supercilio
756 450 980 515 nubem;
1021 450 1343 522 plerumque
1386 451 1663 504 modestus

213 551 462 622 Occupat
499 551 717 606 obscuri
758 552 1023 623 speciem,
1065 552 1360 606 taciturnus
1401 553 1599 607 acerbi.

1906 556 1973 607 95

217 653 357 706 Inter
396 661 587 706 cuncta
626 653 775 724 leges
816 662 868 708 et
905 653 1298 725 percontabere
1338 654 1556 729 doctos,

196 798 239 834 et
269 793 525 834 Hildeberto
558 796 662 835 Mor.
688 794 792 846 phil.
818 806 854 835 c.
882 796 998 844 989,
1033 798 1122 836 luce
1152 807 1255 836 cum
1284 808 1377 837 var.
1403 795 1503 837 lect.
1533 799 1590 848 κ).
1621 821 1663 825 -
1690 798 1766 838 Vv.
1791 798 1916 838 bibuli

196 882 218 887 -
238 880 260 887 -
282 858 465 898 Oderunt
495 869 598 897 cum
631 858 838 898 Pottierio
870 857 1035 898 delevit
1063 860 1118 899 M.
1157 879 1201 887 —·
1237 858 1302 898 92.
1327 863 1549 910 negantem
1570 863 1772 909 porrecta
1792 860 1839 900 E.
1869 884 1912 888 —

195 919 260 959 93.
279 925 437 970 tepores
455 919 628 971 bSEdp‚
650 921 829 970 Cruquii
852 931 1022 970 omnes,
1049 921 1240 960 Pottierii
1261 919 1477 972 plerique,
1499 923 1544 970 C,
1565 921 1788 963 Bentleius
1807 924 1850 963 et
1867 923 1914 962 O.

196 983 259 1032 (Ut
291 994 371 1023 nos
403 994 425 1022 c
458 985 502 1022 et
531 983 724 1023 Pottierii
755 982 843 1022 duo
876 984 940 1022 45.
966 984 1051 1033 ⁶21¹.)
1088 1006 1131 1011 -
1166 983 1232 1022 96.
1259 983 1586 1032 percunctabere
1617 984 1716 1024 LCt.

138 1085 303 1124 Potores
328 1085 453 1124 bibuli
480 1085 635 1136 (acres)
665 1085 841 1124 oderunt
866 1084 936 1136 (te)
964 1096 1028 1124 re-

138 1151 351 1186 cusantem
376 1148 591 1187 emicem-e
610 1146 939 1197 poculaFalernt
956 1146 1027 1186 tibi

137 1207 209 1247 sub
230 1209 411 1248 mediam
432 1213 591 1248 noctem
606 1212 821 1259 porrecta.
867 1208 1026 1259 (Media

139 1271 186 1309 dc
199 1274 316 1310 nocte
328 1271 546 1322 significat
566 1283 672 1323 «per
688 1270 864 1311 mediae
883 1271 1026 1310 noctis

140 1334 361 1384 tempus.»
402 1333 530 1373 Hand
546 1334 672 1373 Turs.
691 1335 740 1372 ΙΙ.
760 1344 803 1385 p.
828 1332 940 1383 205.)
976 1353 1020 1360 —

136 1397 328 1446 vapores]
365 1399 541 1436 «aestus
563 1397 851 1444 nocturnos,»
890 1396 1027 1435 Wal-

139 1458 344 1510 lunyeu,
377 1459 425 1497 ut
455 1458 711 1497 etiamnunc
733 1456 838 1498 Galli
859 1460 905 1498 et
929 1456 1025 1498 Itali

139 1520 195 1560 les
213 1532 409 1571 vapeurs,
438 1521 453 1559 i
471 1520 636 1571 vapori.
673 1520 799 1569 Quod
820 1519 1023 1572 plerique

138 1582 277 1622 Codd.
303 1582 517 1623 exhibent
547 1587 726 1633 tepores,
759 1583 915 1633 utique
937 1583 1024 1622 mi-

138 1655 220 1685 nus
252 1647 406 1696 aptum
427 1656 617 1694 censeo,
652 1645 754 1696 quia
786 1646 831 1684 et
859 1656 942 1696 per
973 1656 1021 1685 se

137 1707 268 1747 nimis
297 1705 558 1758 languidum
591 1710 659 1748 est
689 1709 733 1746 et
752 1708 917 1747 statum
938 1707 1023 1746 ho-

138 1769 268 1810 minis
304 1781 490 1821 prorsus
527 1770 646 1819 sani,
694 1781 747 1809 ne
788 1770 890 1809 vino
923 1770 1023 1820 qui—

137 1830 241 1871 dem
272 1830 597 1883 aliquantulum
620 1831 837 1881 calefacti,
872 1833 1021 1884 expri-

134 1894 228 1934 mit.
277 1893 409 1945 (Cels.
439 1895 479 1942 3,
512 1895 557 1934 6:
607 1896 776 1943 Oportet
804 1896 911 1935 scire
940 1907 1023 1934 uon

132 1956 373 2008 febricitare
403 1967 517 2006 eum,
550 1956 669 1995 cuius
695 1967 826 1996 venae
844 1961 1024 1996 natura-

134 2019 228 2058 liter
257 2020 478 2058 ordinatae
498 2023 615 2068 suut,
649 2022 897 2069 teporque
926 2019 1024 2058 talis

134 2085 209 2130 est,
250 2081 387 2130 qualis
416 2092 498 2120 esse
537 2082 651 2120 sani
681 2081 815 2133 solet.)
866 2082 1021 2122 Ortum

134 2142 311 2182 videtur
333 2154 386 2182 ex
408 2142 516 2182 falsa
537 2144 901 2194 interpretatione
924 2155 1023 2183 ver—

134 2205 179 2245 bi
209 2216 385 2255 vapores
415 2206 498 2244 hac
525 2203 693 2244 febrilis
716 2207 867 2245 aestus
891 2207 1022 2256 signi-

134 2268 341 2309 ficatione
387 2269 535 2308 minus
581 2268 743 2308 usitati.
793 2268 855 2308 Cf.
890 2268 1016 2319 Apul.

132 2333 310 2372 Metam.
351 2331 416 2379 110,
448 2331 494 2370 ⁶2:
540 2332 752 2382 fluctuare
793 2331 1021 2380 vaporibus

131 2394 323 2445 febrium.
367 2395 430 2433 Ne
462 2395 612 2432 autem
633 2395 675 2432 te
698 2394 863 2432 summi
884 2394 1020 2433 Bent-

134 2455 203 2496 leii
247 2456 485 2496 auctoritas
530 2455 782 2496 absterreat
812 2467 837 2495 a
867 2458 1019 2497 nostra

134 2518 323 2559 lectione
354 2519 610 2568 retinenda,
652 2522 835 2571 propter
864 2520 1016 2560 nescio

133 2593 268 2633 quam
291 2581 560 2622 oblivionem
576 2581 646 2621 vel
667 2583 883 2622 incuriam
901 2583 1017 2622 hanc

132 2645 395 2684 varietatem
425 2643 481 2683 ab
514 2656 567 2684 eo
590 2655 775 2695 prorsus
794 2647 1017 2696 praeteri-

132 2710 220 2747 tam
255 2717 354 2746 esse
386 2707 511 2746 scito.
557 2706 683 2746 Idem
705 2705 823 2746 valet
852 2707 908 2747 de
936 2706 1016 2747 fal-

134 2771 193 2810 sis
223 2769 305 2809 illis
334 2771 397 2809 Ne
416 2792 479 2798 --
498 2771 562 2809 Ne
593 2781 664 2809 vv.
697 2769 763 2810 98.
797 2770 863 2809 99.
932 2771 1016 2810 Ne-

137 2841 208 2869 mo
238 2832 390 2870 autem
421 2842 524 2871 cum
556 2831 754 2871 Gaudino
786 2831 905 2883 apud
935 2833 1015 2872 Sa-

135 2893 361 2932 nacionum
405 2894 494 2933 iam
543 2893 802 2946 explicabit:
858 2894 1015 2936 «calor

136 2965 302 2994 aeris.»

189 3016 255 3056 94.
280 3016 346 3055 95.
394 3016 555 3069 nubem]
590 3019 840 3069 «tristitiam
861 3031 913 3059 ac
940 3030 1015 3060 se-

133 3079 368 3119 veritatem
416 3088 519 3118 cum
568 3080 763 3129 quadam
809 3083 1015 3123 iactantia

134 3144 459 3185 coniunctam.»
492 3144 719 3195 Frequens
736 3147 896 3198 imago.
922 3148 1010 3188 Cic.

134 3209 175 3247 in
206 3207 290 3246 Pis.
315 3206 354 3255 9,
382 3206 460 3245 20:
492 3208 760 3256 supercilium
788 3213 1012 3261 tuum--,

130 3270 282 3321 frontis
300 3273 396 3309 tuae
411 3268 670 3308 nubeculam.
706 3270 911 3322 Sophocl.
930 3275 1016 3314 An-

134 3332 207 3382 tig.
232 3333 335 3372 5¹28:
377 3328 568 3383 Νεφέλη
599 3328 634 3369 δ’
665 3325 865 3389 ὀφρύων
897 3327 1015 3392 ὕπερ

135 3390 366 3446 αἱματόεν
391 3388 551 3443 Ῥέθος
581 3390 818 3441 αἰσχύνει.
862 3396 1010 3448 Eurip.

135 3457 304 3509 Hippol.
338 3457 436 3498 ⁴73:
485 3451 696 3510 Στυγνὸν
736 3454 772 3495 δ’
817 3452 1014 3514 ὀφρύων

1093 1084 1241 1134 νέφος
1270 1079 1543 1135 αὐξάνεται.
1607 1083 1830 1135 Meleager
1865 1086 1975 1137 Epp.

1092 1145 1159 1195 45,
1185 1147 1209 1185 5
1227 1158 1233 1184 :
1255 1140 1343 1185 ΩῊν
1363 1158 1449 1198 μοι
1471 1146 1707 1197 συννεφὲς
1735 1141 1874 1199 &petua
1892 1144 1980 1195 βά-

1092 1207 1177 1266 λῃς
1199 1210 1340 1257 ποτέ,
1373 1214 1522 1262 χεῖμα
1545 1207 1761 1266 δέδορκα.
1802 1211 1980 1250 Menan-

1092 1271 1173 1310 der
1203 1282 1245 1322 p.
1273 1272 1367 1310 459.
1394 1273 1475 1311 M.:
1516 1271 1575 1311 Οἱ
1601 1267 1687 1321 τὰς
1718 1267 1874 1328 ὀφρῦς
1905 1269 1979 1311 αἶ’-

1089 1345 1253 1391 ροντες
1287 1328 1352 1384 (ὃς
1372 1328 1622 1391 ἀβέλτεροι
1642 1334 1736 1373 Καὶ
1758 1335 1914 1385 σκέψ
1927 1347 1977 1374 ο-

1087 1408 1189 1447 μαι
1230 1393 1462 1448 λέγοντες.
1504 1419 1548 1424 -
1584 1397 1835 1446 plerumque
1868 1397 1972 1448 cet.]

1091 1459 1285 1510 “Saepe,
1325 1459 1401 1509 qui
1430 1470 1480 1498 re
1512 1470 1619 1498 vera
1648 1460 1854 1499 modestus
1884 1461 1976 1508 est,

1087 1520 1266 1561 videtur
1302 1521 1521 1571 obscurus,
1568 1521 1612 1561 id
1658 1523 1747 1572 est,
1794 1524 1979 1579 κρυψί-

1087 1595 1224 1634 νους,
1268 1584 1452 1624 minime
1484 1586 1666 1636 apertus
1698 1587 1742 1624 et
1771 1583 1976 1636 simplex,

1088 1646 1171 1687 sed
1203 1646 1278 1697 qui
1312 1646 1490 1686 intimos
1513 1657 1618 1686 suos
1639 1657 1799 1687 sensus
1821 1645 1978 1687 callide

1088 1707 1287 1758 occulat⁷
1330 1709 1567 1748 taciturnus
1597 1719 1752 1749 rursus
1783 1709 1970 1759 acerbus,

1089 1771 1237 1810 animo
1268 1782 1290 1809 a
1322 1773 1506 1822 potente
1538 1771 1683 1811 amico
1707 1769 1823 1811 clam
1844 1783 1976 1811 aver-

1088 1844 1183 1872 so.»
1232 1834 1321 1874 Cic.
1363 1832 1418 1872 de
1456 1832 1579 1872 Offic.
1604 1833 1644 1882 3,
1680 1833 1746 1882 43,
1771 1834 1844 1872 57:
1892 1834 1979 1873 Hoc

1088 1897 1229 1933 autem
1258 1895 1422 1933 celandi
1450 1905 1581 1945 genus
1610 1916 1633 1922 —
1653 1917 1676 1923 -
1705 1906 1789 1934 uon
1819 1897 1971 1945 aperti,

1085 1968 1170 1996 uon
1199 1956 1422 2006 simplicis,
1455 1967 1539 1995 uon
1568 1956 1762 2007 inyenui,
1800 1969 1882 1996 non
1911 1959 1976 1997 iu·

1086 2019 1161 2067 sti,
1202 2029 1287 2057 uon
1315 2018 1398 2056 viri
1428 2017 1522 2057 bom·
1555 2018 1675 2069 (est),
1720 2020 1876 2058 versuti
1900 2031 1977 2070 po-

1085 2081 1181 2130 tius,
1215 2081 1455 2129 obscuri,
1491 2080 1642 2128 astuti,
1673 2080 1860 2131 fallacis,
1883 2093 1974 2120 ma-

1086 2144 1235 2192 litiosi,
1261 2143 1428 2192 callidi,
1451 2143 1712 2191 veteratoris,
1736 2144 1863 2193 vafri.
1898 2145 1975 2183 Ta-

1086 2207 1197 2245 citus
1228 2207 1329 2255 Agr.
1354 2204 1433 2244 42:
1479 2205 1713 2244 Domitiani
1743 2210 1904 2245 natura
1923 2228 1974 2235 --

1086 2280 1166 2318 quo
1198 2268 1433 2316 obscurior,
1478 2279 1523 2306 eo
1556 2268 1885 2309 irrevocabitior.
1920 2291 1967 2298 -—

1085 2330 1238 2381 acerbi]
1275 2331 1405 2381 «qui,
1441 2329 1687 2369 dummodo
1709 2333 1886 2381 posset,
1919 2330 1972 2371 li-

1083 2393 1245 2433 benter
1276 2395 1317 2432 te
1339 2393 1638 2444 vituperarem
1672 2404 1789 2433 nunc
1811 2392 1972 2433 saltem

1084 2467 1173 2495 non
1205 2454 1281 2494 tibi
1313 2453 1564 2506 applaudit,
1599 2455 1680 2495 sed
1702 2466 1882 2495 morose
1904 2457 1972 2495 ta-

1084 2521 1196 2559 cet.»
1254 2517 1447 2558 Merkel:
1496 2519 1599 2558 Lass
1644 2518 1753 2558 nicht
1800 2518 1972 2558 l-Vollcen

1080 2583 1325 2622 umdiistern
1347 2581 1412 2620 clie
1433 2581 1549 2620 Scirn
1565 2592 1579 2628 ,·
1612 2581 1685 2619 cler
1703 2581 1971 2620 Bescheiderze

1081 2645 1258 2685 scheinet
1279 2644 1346 2694 Oft
1366 2643 1672 2692 heimtuelcisch,
1706 2644 1778 2682 der
1794 2643 1972 2683 Schwei-

1079 2709 1209 2760 9ende
1238 2707 1314 2758 9ilt
1345 2707 1408 2745 als
1438 2705 1606 2745 bitterer
1638 2706 1798 2745 Tadler.

1135 2769 1283 2809 96-99.
1330 2769 1444 2807 Inter
1473 2772 1624 2807 cuncta
1652 2768 1757 2817 cet.]
1787 2766 1883 2807 Noli
1905 2768 1968 2807 in-

1079 2831 1316 2883 terpretari
1345 2829 1414 2870 vel
1454 2841 1593 2882 «prae
1626 2830 1788 2870 ceteris
1820 2830 1967 2870 omni-

1079 2896 1224 2945 bus‚»
1266 2894 1338 2935 vel
1375 2895 1453 2935 bei
1489 2895 1591 2935 alle
1630 2896 1760 2943 dem3
1809 2895 1890 2935 sed
1919 2897 1967 2935 ut

1081 2961 1188 3000 inter
1215 2960 1316 2999 haec
1348 2961 1416 2999 est
1451 2959 1569 2998 «hoc
1602 2960 1860 3010 tempore‚»
1906 2960 1964 2998 ita

1079 3023 1188 3062 inter
1213 3025 1384 3070 cuncta,
1420 3021 1567 3060 «omni
1600 3022 1854 3072 tempore‚»
1891 3021 1964 3060 «in

1081 3094 1348 3135 quacunque
1390 3082 1651 3122 condicione
1690 3082 1804 3121 vitae
1835 3081 1966 3121 hulus

1081 3147 1200 3198 apud
1229 3148 1462 3198 potentem
1490 3145 1684 3184 amicum
1714 3145 1965 3184 transactae

1080 3208 1168 3249 noli
1217 3207 1354 3248 multo
1403 3208 1580 3258 gravius
1633 3209 1765 3258 atque
1815 3204 1962 3245 utilius

1079 3283 1213 3313 verae
1260 3271 1500 3322 sapientiae
1532 3270 1726 3309 studium
1757 3269 1961 3308 omittere

1081 3338 1125 3375 et
1156 3333 1400 3375 oblivisci.»
1439 3333 1502 3373 Cf.
1531 3331 1656 3371 Hand
1677 3333 1798 3371 Turs.
1820 3331 1890 3369 111.
1914 3340 1958 3381 p.

1081 3398 1175 3439 407.
1207 3419 1249 3425 —
1288 3396 1406 3448 leges]
1440 3393 1830 3446 «philosophorum
1849 3392 1963 3432 scri-

1081 3464 1154 3512 pta
1187 3464 1229 3501 et
1266 3458 1563 3510 percontabere
1597 3456 1818 3507 sapientes
1849 3455 1961 3495 ami-
