2231 3787
179 246 280 297 536

784 244 998 283 HORATII
1030 241 1401 283 EPISTOLARUM

254 379 310 428 ln
350 375 517 428 triviis
557 374 722 427 fixum
761 391 882 427 cum
922 391 981 427 se
1021 373 1250 427 demittit
1288 371 1356 425 ob
1398 387 1602 429 assem,

249 481 364 532 Non
403 477 589 541 video,
631 494 753 530 nam
792 476 882 547 qui
926 476 1130 546 cupiet,
1175 481 1377 526 metuet
1404 488 1650 543 quoque,
1693 487 1881 541 porro,
1942 470 2008 521 6³5

251 581 355 645 Qui
393 588 637 633 metuens
676 579 841 638 vivet,
889 577 1024 631 liber
1063 574 1188 628 mihi
1229 592 1335 627 non
1375 573 1475 627 erit
1512 589 1767 644 unquam.

251 681 490 736 Perdidit
529 699 698 742 arma,
750 680 929 733 locum
969 678 1176 730 virtutis
1217 675 1484 736 deseruit,
1528 676 1621 746 qui

252 785 478 855 Semper
517 783 569 834 in
608 780 855 852 augenda
893 780 1109 833 festinat
1148 787 1199 833 et
1237 778 1482 832 obruitur
1523 794 1596 830 re.

296 927 361 966 64.
397 926 566 965 dimittit
594 925 624 964 E
657 927 701 964 et
730 935 797 975 pr.
823 935 861 963 0.
898 946 942 950 -
977 923 1042 962 66.
1065 923 1168 961 vivit
1189 923 1253 971 S,t
1275 924 1318 961 et
1338 919 1577 961 Bentleius.
1614 922 1678 971 (Ut
1697 931 1798 969 nos,
1833 920 1957 971 bEc.)

239 1011 280 1016 κ-
317 989 382 1027 67.
416 988 601 1027 Prodidit
630 985 815 1026 Bentleii
846 986 1039 1037 suspicio
1071 984 1125 1024 ab
1158 986 1254 1036 ipso
1285 985 1442 1036 postea
1472 984 1653 1024 reiecta.

180 1108 331 1146 bonum
360 1105 710 1156 haudquaquam
741 1102 973 1143 meliorem
997 1115 1064 1143 es-

181 1181 228 1209 se
275 1180 406 1209 servo
451 1178 690 1219 nequam.»
736 1190 779 1195 —
823 1166 870 1206 ob
916 1165 1060 1217 assem]

181 1233 324 1271 Locus
356 1231 606 1270 communis
644 1229 765 1269 haud
803 1230 1063 1280 infrequens

183 1293 303 1346 apud
334 1293 577 1345 Sophistas.
631 1292 794 1333 Confer
833 1292 1065 1332 Libanium

182 1369 237 1396 πε
242 1357 287 1415 οὶ
316 1354 431 1396 ὅου)
436 1357 549 1406 είας.
583 1357 629 1395 Τ.
663 1357 714 1394 II.
746 1356 891 1395 Reisk.
924 1366 967 1424 p.
995 1354 1061 1393 66.

183 1422 225 1459 et
267 1420 483 1471 imprimis
513 1430 556 1470 p.
591 1418 663 1457 69:
713 1412 739 1456 ὁ
779 1413 888 1467 ἑνὸς
927 1411 1066 1456 ἕνεκα

183 1479 423 1539 στατῆοος
454 1476 486 1533 ἦ·
515 1481 596 1520 καὶ
638 1475 707 1520 ἔτι
745 1492 973 1538 σιιικοοτε
969 1481 1064 1536 'oov

184 1558 270 1586 του
302 1557 474 1603 φοοντι
466 1546 567 1596 ’ζων
597 1544 676 1584 καὶ
709 1519 935 1600 ἁοπάζων
965 1541 1062 1582 κτλ.

182 1583 382 1648 Imitatus
413 1610 481 1648 est
511 1608 688 1647 Persius
719 1608 767 1656 5,
803 1608 905 1646 111;
939 1607 1068 1656 Inque

184 1672 268 1710 luto
296 1672 433 1723 siacum
457 1670 588 1720 possit
618 1671 912 1709 transcendere
943 1680 1068 1708 num-

185 1745 317 1782 mum,
342 1733 418 1772 ubi
441 1732 856 1773 Pseudoeornutus:
892 1730 1069 1771 «Solent

186 1797 336 1848 pueri,
371 1798 417 1835 ut
448 1795 622 1835 ridendi
650 1807 832 1836 causam
854 1794 1066 1844 habeant,

186 1868 336 1898 assem
359 1858 401 1897 in
425 1856 546 1897 silice
566 1856 849 1909 plumbatum
869 1857 1066 1907 affigere,

186 1922 256 1969 ut,
282 1920 356 1970 qui
379 1919 592 1969 viderint,
623 1930 671 1959 se
694 1919 749 1958 ad
772 1918 1070 1970 colligendum

188 1981 400 2022 inclinent
431 1993 514 2021 nec
546 1984 696 2021 tamen
736 1983 908 2033 possint
948 1980 1072 2021 evel-

189 2043 308 2093 lere,
342 2055 430 2095 quo
461 2044 576 2084 fac-to
607 2045 735 2095 pueri
758 2045 960 2084 «etiams»
988 2042 1073 2083 ela-

189 2107 347 2146 mitare
369 2105 535 2154 solent,
571 2108 777 2146 «eliamJ»
829 2108 899 2147 Sic
921 2110 1072 2147 autem

190 2172 236 2207 ut
269 2167 487 2220 explicem
518 2168 683 2208 faciunt
712 2181 783 2207 vv.
821 2170 916 2220 ipsa
957 2172 1000 2208 et
1030 2170 1072 2208 in

189 2231 323 2269 triviis
354 2232 398 2270 et
424 2232 581 2282 fixum,
616 2242 729 2281 quae
762 2243 869 2272 sane
899 2233 1072 2271 certum

190 2304 432 2344 puerorum
498 2295 781 2333 transeuntes
839 2293 1072 2334 ludifican—

190 2356 300 2395 tium
330 2355 561 2395 eonsilium
589 2357 865 2408 exprimunt3
900 2355 970 2396 alii
993 2357 1072 2396 mi-

192 2429 274 2457 nus
322 2420 443 2458 reete
493 2418 548 2458 de
598 2429 721 2467 asse,
780 2420 854 2470 qui
894 2419 1071 2458 fortuito

192 2482 234 2520 in
266 2492 456 2521 coenum
488 2481 724 2531 deciderIt‚
773 2482 1073 2533 interpretan-

193 2546 284 2593 tur,
330 2547 379 2583 ut
409 2546 476 2583 est
515 2555 623 2584 sane
654 2543 772 2595 apud
815 2545 1073 2584 Petronium

194 2605 268 2645 423:
317 2606 376 2646 Ab
406 2618 497 2646 asse
533 2607 662 2647 crevit
698 2611 735 2646 et
769 2611 955 2657 paratus
994 2607 1075 2657 fuit

195 2670 473 2718 quadrantem
503 2671 550 2709 de
571 2674 748 2709 stercore
767 2670 979 2710 mordicus
999 2670 1074 2709 tob-

194 2733 288 2771 lcre.
331 2755 375 2759 —
410 2733 481 2782 qui
510 2733 668 2783 cupiet,
700 2737 852 2773 metuet
895 2732 1070 2784 quoque]

195 2795 399 2834 Horatius
444 2794 515 2835 hie
556 2798 599 2835 et
645 2797 754 2847 Epp.
798 2797 842 2845 1,
899 2797 946 2846 Ξ,
1001 2797 1068 2836 51.

196 2857 294 2906 (Qui
332 2858 445 2907 cupit
487 2862 559 2897 aui
601 2859 747 2898 metuit
790 2859 900 2909 cet.)
969 2860 1073 2910 Epi-

197 2929 355 2957 curum
387 2920 522 2969 (Diog.
561 2921 701 2960 Laert.
738 2920 812 2969 10,
852 2920 962 2971 442.)
999 2933 1074 2960 re·-

196 2981 368 3032 spieere
389 2981 564 3020 videtur
595 2983 877 3022 Lachmanno
900 2983 955 3022 ad
987 2985 1074 3023 Lu-

199 3045 306 3082 cret.
346 3043 394 3091 6,
428 3044 500 3082 25:
548 3046 601 3083 Et
626 3046 750 3096 finem
780 3046 925 3084 statuit
957 3046 1074 3097 (Epi-

199 3105 345 3156 curus)
367 3107 607 3156 cuppedinis
635 3111 759 3157 atque
777 3108 953 3147 timoris.
1008 3108 1070 3148 Cf.

201 3169 306 3219 Epp.
349 3169 394 3217 2,
442 3170 487 3218 Ξ,
537 3169 628 3208 156.
681 3193 725 3197 —
761 3170 1074 3221 ρων-016011-

200 3232 339 3270 tinuat
396 3231 670 3280 orationem,
741 3232 867 3282 quasi
927 3232 1069 3272 dicat:

202 3295 335 3333 «liuic
375 3294 621 3333 sententiae
660 3295 889 3344 tamquam
930 3294 1074 3334 corol-

196 3355 354 3395 larium
402 3356 540 3408 (quod
586 3356 735 3396 dieunt
780 3357 1073 3407 posteriores)

201 3419 413 3469 adiungo,
449 3418 638 3458 liberum
671 3429 756 3458 non
781 3419 885 3458 mihi
908 3419 1072 3459 wideri»

200 3484 283 3522 cet.
332 3482 406 3521 Est
439 3485 587 3522 autem
620 3482 744 3533 quasi
765 3480 1070 3532 syllogismus,

1129 1103 1192 1142 510
1224 1100 1524 1153 supplendus:
1562 1101 1700 1151 «Ergo
1723 1111 1882 1140 avarus
1903 1099 2015 1140 liber

1129 1176 1218 1204 non
1258 1165 1366 1204 est.»
1414 1187 1459 1192 -—
1501 1164 1684 1203 Perdidit
1727 1163 1868 1212 arma]
1902 1156 2015 1203 «⁶1³5-

1129 1234 1323 1278 ψασπις
1355 1229 1399 1266 et
1437 1223 1754 1279 λειποτάκτης
1792 1227 1884 1276 est,
1930 1226 2016 1266 1100

1131 1292 1220 1338 est,
1283 1300 1459 1330 summa
1508 1289 1751 1340 ignominia
1801 1288 2013 1339 dignus.»

1131 1351 1404 1392 Modestinus
1457 1352 1552 1402 Dig.
1605 1350 1672 1391 49.
1725 1351 1771 1390 T.
1813 1351 1881 1390 16.
1927 1350 1977 1390 13
2005 1363 2011 1388 ;

1130 1415 1272 1463 Miles,
1315 1415 1385 1464 qui
1416 1415 1458 1453 in
1489 1414 1589 1453 bello
1619 1425 1745 1453 arma
1775 1413 1916 1453 amisit
1948 1414 2013 1453 vel

1132 1477 1352 1526 alienavit,
1385 1477 1522 1526 capite
1546 1478 1741 1526 punitur.
1803 1475 1931 1516 Haud
1953 1475 2016 1515 in-

1131 1538 1344 1590 frequens
1377 1541 1445 1579 est
1474 1539 1588 1578 haec
1618 1539 1792 1578 virtutis
1833 1539 2015 1590 sapien-

1131 1601 1307 1652 tiaeque
1340 1612 1444 1641 cum
1475 1602 1564 1641 acri
1595 1599 1745 1640 militia
1777 1611 2016 1652 compara—

1132 1664 1208 1703 tio.
1256 1665 1425 1703 Seneca
1456 1664 1512 1704 de
1545 1663 1792 1703 constantia
1821 1674 1915 1714 sap.
1949 1662 2016 1711 19,

1134 1725 1181 1765 4:
1228 1727 1372 1765 Etiam
1407 1727 1442 1766 si
1478 1727 1686 1776 premeris
1722 1730 1760 1766 et
1797 1726 1950 1777 infesta
1977 1725 2019 1764 vi

1134 1800 1310 1840 urgere,
1343 1790 1486 1829 cedere
1514 1793 1652 1828 tamen
1683 1793 1803 1839 turpe
1833 1792 1915 1828 est:
1946 1798 2019 1827 as-

1135 1852 1349 1903 signa-tum
1395 1863 1423 1890 a
1482 1856 1641 1890 natura
1697 1852 1833 1890 locwm
1888 1854 2016 1890 tuere.

1138 1915 1339 1965 Quaeris,
1387 1915 1480 1963 quis
1518 1915 1583 1953 hic
1621 1915 1674 1953 sit
1716 1913 1862 1953 loeus?
1914 1913 2016 1954 Viri.

1136 1977 1290 2017 Boeth.
1323 1977 1457 2016 Cons
1490 1975 1597 2016 Phil.
1635 1977 1672 2015 1.
1701 1977 1826 2018 Metr.
1859 1975 2017 2026 4,15;

1135 2040 1186 2079 At
1217 2039 1402 2089 quisquis
1431 2035 1617 2089 trepidus
1639 2043 1768 2088 pavet
1794 2039 1859 2078 vel
1885 2042 2018 2088 optat,

1140 2104 1257 2152 Quod
1298 2114 1382 2141 non
1425 2102 1477 2140 sit
1515 2101 1674 2140 stabilis
1709 2102 1853 2151 suique
1887 2101 2015 2151 iuris,

1136 2165 1293 2205 Abiecit
1322 2165 1500 2215 clipeum
1520 2164 1690 2214 locoque
1707 2168 1844 2204 motus
1866 2164 2017 2214 Nectit,

1138 2240 1223 2278 qua
1252 2228 1392 2267 valeat
1420 2227 1556 2275 trahi,
1589 2231 1796 2267 catenam.
1821 2249 1864 2254 —
1885 2227 2022 2267 locwm

1135 2292 1302 2331 virtutis
1322 2289 1514 2341 deseruit]
1537 2291 1768 2330 Demosth.
1785 2289 1962 2341 Olynth.
1977 2290 2016 2331 3.

1137 2354 1160 2406 S
1169 2355 1262 2394 .:36
1286 2350 1355 2407 μὴ
1380 2356 1686 2411 παραχωρεῖν
1703 2348 1848 2406 (ὑμᾶς
1863 2349 2018 2406 ἀξιῶ),

1137 2411 1175 2456 ὦ
1194 2412 1363 2475 ἄνδρες
1378 2413 1642 2470 Αθηναῖοι,
1666 2413 1763 2468 τῆς
1784 2412 2017 2467 τάξεως,

1137 2477 1197 2533 ἢν
1218 2476 1332 2534 ὑμῖν
1355 2480 1438 2520 οἱ
1427 2476 1659 2553 ποόγονοι
1688 2475 1785 2531 τῆς
1815 2473 2021 2536 ἀρετῆς

1136 2559 1195 2597 με
1176 2541 1258 2584 ετὰ
1289 2540 1446 2583 πολλ
1413 2556 1477 2582 ων
1497 2543 1579 2581 καὶ
1606 2537 1767 2581 καλῶν
1787 2538 2020 2582 κινδύνων

1137 2604 1435 2660 κτησάμενοι
1460 2603 1730 2645 κατέλιπον.
1758 2626 1803 2633 -
1828 2604 2021 2646 obruitur

1136 2671 1195 2723 re]
1230 2671 1299 2710 «id
1329 2672 1417 2718 est,
1458 2669 1670 2720 pecunia,
1703 2667 1840 2708 veluti
1870 2670 2018 2709 terrae

1138 2734 1259 2781 labe;
1298 2734 1354 2772 ita
1386 2734 1434 2771 ut
1463 2731 1519 2770 ab
1543 2742 1593 2770 ea
1617 2730 1857 2781 impeditus
1878 2729 2018 2771 libere

1137 2806 1322 2837 movere
1353 2805 1454 2834 sese
1485 2795 1723 2843 nequeat.»

1194 2859 1286 2898 69-
1308 2858 1376 2898 72.
1436 2857 1615 2896 Vendere
1651 2856 1761 2908 cet]
1814 2859 2020 2896 «Avarus

1139 2921 1281 2972 ignavi
1325 2918 1472 2959 militis
1517 2919 1656 2958 instar
1700 2919 1836 2959 armis
1881 2919 2020 2959 amis-

1138 2985 1198 3024 sis
1229 2984 1273 3021 et
1312 2981 1410 3022 1000
1445 2981 1618 3021 vlrtutis
1657 2981 1838 3021 deserto
1877 2982 2021 3032 capti-

1138 3056 1219 3084 vus
1248 3044 1318 3091 fit,
1367 3055 1421 3083 ex
1455 3044 1627 3095 captivo
1666 3054 1844 3093 servus,
1893 3044 2019 3084 cuius

1139 3118 1225 3147 non
1250 3107 1514 3156 honestum,
1542 3105 1623 3147 sed
1647 3105 1750 3146 utile
1774 3117 1937 3147 munus
1954 3110 2021 3147 est

1139 3180 1287 3218 arare,
1321 3179 1542 3220 pascere»
1575 3170 1658 3208 eet.
1700 3169 1851 3208 OBBAR.
1894 3169 2019 3208 Idem

1138 3233 1191 3272 ad
1216 3231 1357 3272 verba
1379 3233 1481 3283 apte
1504 3229 1688 3270 contulit
1708 3231 1915 3270 Institutt.
1941 3229 2015 3270 lib.

1140 3297 1175 3334 1.
1202 3295 1264 3334 111.
1291 3294 1328 3333 3.
1355 3293 1392 3344 g.
1416 3295 1466 3333 ⁶2:
1513 3293 1633 3333 Servi
1675 3297 1815 3332 autem
1854 3303 1908 3332 ea:
1946 3293 2020 3333 hoc

1139 3357 1338 3408 appellati
1367 3360 1484 3404 sunt,
1520 3356 1628 3406 quod
1648 3356 1920 3405 imperatores
1940 3366 2017 3394 ca-

1133 3421 1302 3470 ptivos
1331 3419 1546 3458 vendere
1575 3428 1625 3456 ac
1648 3427 1727 3466 per
1756 3417 1830 3455 hoc
1850 3427 2019 3456 servare

1140 3493 1229 3522 nec
1278 3481 1521 3521 occidere
1569 3480 1722 3526 saleim·
1772 3479 1842 3528 qui
1891 3479 2019 3519 eliam
