2231 3787
201 256 302 309 362

837 259 1051 299 HORATII
1082 259 1382 301 SATIRARUM

273 387 510 442 Membra
549 389 695 460 gruis
736 389 908 460 sparsi
950 388 1061 442 sale
1101 388 1291 448 multo,
1334 405 1440 440 non
1480 388 1595 441 sine
1635 387 1801 451 farre,

271 490 565 561 Pinguibus
605 499 657 544 et
695 490 810 544 ficis
850 500 1061 562 pastum
1100 490 1251 543 iecur
1289 489 1497 543 anseris
1542 489 1698 543 albae

271 594 331 645 Et
374 592 618 663 leporum
660 592 901 651 avolsos,
945 601 1002 644 ut
1041 590 1204 643 multo
1243 591 1485 650 suavius,
1529 607 1732 652 armOS,

272 696 445 759 Quam
485 695 527 747 si
568 712 689 748 cum
729 693 923 746 lumbis
963 692 1085 764 quis
1125 691 1262 756 edit,
1303 701 1415 745 tum
1455 700 1675 763 pectore
1715 691 1906 745 adusto
1951 693 2020 744 90

310 861 375 901 88.
411 860 493 899 albi
523 859 817 910 bScEp,LCtF
849 860 893 898 et
921 856 1158 898 Bentleius.
1210 859 1272 907 (Ut
1301 868 1404 905 nos,
1437 858 1764 898 vetustissimus
1794 856 1966 898 Blandi-

256 924 375 970 nius,
423 921 533 961 alter
564 921 713 962 Codex
745 932 814 973 ap.
850 921 1115 972 Cruquium,
1150 931 1263 960 unus
1304 932 1355 959 ex
1388 919 1714 960 Pulmannianis
1746 921 1964 971 optimus,

254 985 332 1032 MJ,
375 983 592 1035 probante
636 983 864 1033 Bentleio.)
914 1004 958 1010 —
1004 983 1071 1023 89.
1119 983 1269 1032 leporis
1300 982 1408 1022 Cod.
1442 984 1627 1034 Franeq.
1666 1006 1711 1011 —-
1748 983 1888 1022 vulsos
1916 983 1964 1031 E,

257 1047 362 1087 Cod.
387 1048 572 1097 Franeq.
598 1058 649 1087 ac
681 1046 876 1086 Pottierii
908 1045 1011 1085 duo.
1040 1068 1084 1074 —
1109 1045 1175 1085 90.
1201 1045 1302 1097 tam]
1333 1046 1431 1085 dam
1452 1046 1498 1085 E.
1527 1046 1610 1095 (VV.
1636 1046 1782 1085 90-95.
1807 1045 1970 1085 absunt

201 1187 498 1236 distribuitur,
537 1187 581 1226 h.
615 1185 641 1225 1.
678 1187 810 1226 etiam
843 1184 935 1226 aliis
968 1184 1076 1225 cibis

200 1249 474 1302 apponendis
495 1249 734 1289 destinata:
768 1249 1078 1298 Speisenschiis-

199 1314 266 1353 sel.
303 1334 348 1339 —
381 1310 599 1362 discerpta]
644 1310 818 1361 Singula
858 1312 945 1350 iam
982 1311 1078 1349 ani-

199 1374 381 1415 malium
412 1373 640 1422 membra,
674 1384 812 1424 quae,
846 1375 895 1412 ut
924 1374 1078 1424 opina—

199 1437 332 1477 batur
361 1436 647 1485 Nasidienus,
690 1447 715 1475 a
746 1436 941 1475 convivis
981 1446 1079 1474 ma-

198 1502 315 1540 xime
348 1501 684 1551 appeterentur,
719 1498 801 1538 sub
835 1508 1002 1538 coenae
1025 1497 1079 1536 fi-

200 1574 305 1603 nem
335 1562 592 1601 afferuntur.
633 1584 675 1591 —
707 1561 838 1613 gruis]
871 1562 991 1601 Tunc
1015 1561 1079 1600 ci-

200 1627 354 1666 coniae
384 1624 776 1676 praeferebantur,
817 1626 929 1664 teste
968 1624 1079 1664 Cor-

200 1688 313 1729 nelio
344 1689 512 1739 Nepote
545 1687 661 1739 apud
694 1686 800 1727 Plin.
834 1688 883 1726 H.
914 1688 965 1727 N.
999 1687 1074 1735 40,

200 1752 285 1799 30.;
320 1761 423 1800 ergo
455 1761 536 1801 per
566 1760 613 1789 se
646 1760 824 1800 quoque
854 1759 942 1789 non
971 1749 1076 1789 satis

201 1823 448 1864 congruum
508 1816 602 1852 erat
663 1811 905 1861 ferculum,
966 1812 1077 1851 mire

200 1876 466 1928 praesertim
497 1875 632 1914 nimio
663 1873 753 1914 sale
785 1876 829 1914 et
858 1874 972 1913 farre
994 1874 1078 1912 im-

202 1938 337 1977 mixto
375 1947 681 1987 conspersum.
745 1937 954 1976 Ceterum
993 1934 1080 1975 Pli--

203 2001 299 2040 nius
329 1997 355 2038 l.
380 1998 406 2038 l.
440 1998 687 2049 subiungit:
735 2009 829 2037 eum
863 1998 963 2037 haec
997 1997 1082 2036 ales

203 2061 332 2113 (grus)
356 2062 463 2100 ¹inter
485 2061 651 2110 primas
673 2060 816 2112 (nunc)
841 2064 1078 2110 expetatur,

202 2125 319 2163 illam
341 2135 456 2162 nemo
473 2124 566 2163 velit
585 2123 782 2174 attigisse.
816 2124 879 2162 De
898 2122 1080 2173 gruibus

202 2186 467 2238 apparandis
499 2186 612 2225 conf.
636 2186 839 2237 Apicium
860 2185 906 2234 6,
931 2186 970 2224 ⁶2.
1003 2184 1081 2224 Γε-

201 2247 499 2307 ρανοβωτίας
520 2248 626 2305 περὶ
645 2244 702 2287 τὰ
722 2243 984 2288 Θετταλικὰ
1006 2259 1082 2287 πε-

200 2310 279 2352 ola
295 2312 518 2351 memorat
534 2310 654 2350 Plato
671 2310 836 2351 Politic.
855 2322 898 2362 p.
917 2310 1011 2351 ⁶264.
1030 2311 1076 2350 C.

256 2375 402 2416 88-90.
457 2373 849 2425 Pinqaibus-ficis]
893 2374 985 2413 Hoc
1020 2374 1081 2413 si-

202 2437 379 2489 gnificat
408 2436 670 2476 Nasidienus
701 2436 919 2486 convivis,
953 2447 1081 2476 anse-

203 2512 300 2541 rem
322 2511 409 2539 non
438 2498 692 2550 volgaribus
722 2499 840 2548 ficis,
873 2498 955 2539 sed
986 2499 1080 2539 suci

204 2563 400 2603 melioris
446 2565 489 2602 et
532 2562 866 2602 abundantioris
905 2563 1081 2613 sagina-

204 2629 295 2665 tam
326 2625 476 2665 fuisse.
514 2648 558 2653 -
593 2624 724 2676 albae]
765 2625 889 2664 Hanc
925 2623 1082 2664 lectio—

205 2698 307 2727 nem
337 2686 548 2739 praetuli,
590 2689 639 2727 ut
675 2688 854 2739 praeter
883 2686 1079 2727 colorem

205 2749 423 2789 indicetur
452 2759 610 2798 sexus,
642 2750 957 2800 tenerioraque
980 2758 1079 2788 esse

204 2812 397 2851 iecinora
421 2813 461 2850 et
494 2811 758 2851 feminarum
786 2812 829 2850 et
860 2810 1077 2850 albarum.

205 2872 386 2913 Facilius
417 2876 567 2914 autem
597 2885 619 2912 a
651 2872 840 2913 librariis
860 2884 1000 2924 genus
1022 2872 1083 2912 se-

206 2935 309 2974 min.
346 2935 497 2983 (Varro
519 2937 564 2975 R.
590 2937 636 2974 R.
662 2935 710 2983 3,
746 2935 819 2983 40,
853 2934 895 2974 3:
930 2934 1083 2985 Singu—

205 2998 271 3036 lae
302 2997 511 3046 (anseres)
554 3009 636 3035 non
669 2996 763 3046 plus
792 3007 918 3046 quam
949 3000 1011 3036 ter
1038 2996 1081 3035 in

205 3070 316 3098 anno
339 3058 548 3108 pariunt.)
582 3058 838 3098 mutabatur
869 3059 910 3098 in
940 3068 1077 3099 masc.

206 3131 341 3171 quam
363 3123 528 3159 contra.
581 3121 747 3160 Eadem
776 3131 958 3172 prorsus
980 3120 1084 3160 sub-

207 3182 357 3222 tilitate
389 3183 564 3222 Persius
596 3183 639 3229 6,
674 3183 740 3223 24.
775 3185 998 3223 turdarum
1017 3195 1083 3223 sa—

206 3247 311 3285 livas
354 3245 482 3293 dixit,
536 3255 622 3283 non
672 3246 904 3285 turdorum.
952 3267 995 3273 —
1038 3250 1083 3285 ut

209 3309 335 3348 multo
362 3307 545 3357 suavius]
586 3308 749 3346 Rursus
786 3308 1082 3347 convivatoris

211 3373 275 3410 est
306 3371 535 3409 monitum.
574 3391 616 3396 —
651 3369 805 3420 armos]
837 3369 958 3408 Cous.
993 3371 1078 3409 Sat.

214 3434 258 3479 2,
293 3432 340 3479 4,
374 3431 439 3472 44.
477 3453 521 3459 ——
557 3433 693 3481 Quam
729 3432 761 3469 si
800 3442 893 3470 omn
938 3431 1084 3471 lumbis

210 3493 311 3544 eet]
337 3495 463 3545 «quia
484 3492 621 3533 lumbi
643 3493 809 3533 habent
831 3492 994 3544 aliquid
1015 3495 1083 3533 te-

1140 1185 1193 1224 tri
1216 1185 1364 1225 odoris
1382 1187 1425 1225 et
1441 1186 1610 1237 saporis
1633 1185 1778 1226 minus
1798 1185 2021 1226 iucundi.»

1142 1247 1281 1287 Comi.
1309 1248 1439 1294 CRUQ.
1485 1271 1527 1276 -
1568 1248 1662 1300 edit]
1707 1249 2023 1288 Coniunctivus

1141 1309 1347 1359 antiquus
1369 1311 1498 1359 edim,
1532 1310 1640 1359 edis,
1673 1310 1778 1359 edit,
1809 1312 1859 1350 ut
1878 1310 2018 1362 Epod.

1141 1371 1188 1420 3,
1222 1371 1260 1410 3.
1299 1395 1343 1399 —
1371 1377 1538 1435 pectore
1570 1372 1731 1424 adusto]
1773 1369 1838 1412 Τὸ
1870 1384 2023 1430 προσ-

1140 1435 1294 1473 καίειν
1347 1434 1541 1485 τοῦψον
1592 1436 1635 1474 in
1688 1435 1739 1474 iis
1792 1437 2025 1475 enumerat

1141 1495 1401 1536 Plutarchus
1432 1497 1487 1537 de
1520 1497 1665 1537 cohib.
1689 1499 1753 1536 ira
1786 1498 1871 1547 44„
1906 1508 2022 1548 quae

1143 1559 1428 1598 dominorum
1458 1561 1500 1599 in
1531 1570 1685 1600 servos
1712 1559 1823 1598 iram
1843 1558 1912 1598 vel
1933 1570 2027 1599 ma-

1141 1621 1258 1661 xime
1290 1621 1538 1670 concitent;
1577 1621 1842 1661 Nasidienus
1874 1623 2023 1661 autem

1142 1683 1185 1722 in
1208 1683 1275 1722 his
1293 1682 1500 1723 omnibus
1518 1682 1813 1724 caecutiebat.
1846 1684 2020 1723 Terent.

1141 1744 1327 1797 Adelph.
1362 1745 1412 1795 3,
1457 1746 1506 1795 3,
1549 1747 1622 1785 7⁴:
1669 1747 1755 1786 Hoc
1791 1746 2021 1796 salsum’st,

1141 1808 1214 1846 hoc
1231 1809 1479 1847 adustmn'st
1490 1840 1503 1858 ,
1525 1809 1600 1848 hoe
1619 1808 1834 1848 lautum’st
1847 1820 2021 1858 parum.

1146 1870 1268 1910 Conf.
1304 1882 1438 1922 supra
1478 1883 1518 1910 v,
1555 1871 1632 1911 68:
1675 1871 1802 1921 panis
1835 1873 2021 1911 adustus.

1199 1994 1340 2034 91-95.
1392 1995 1597 2046 merulas]
1640 1997 1765 2035 Nunc
1807 2000 1927 2036 certe
1967 1996 2023 2036 ab

1143 2056 1260 2097 Italis
1292 2068 1378 2096 non
1411 2057 1729 2106 comeduntur,
1763 2059 1845 2098 sed
1874 2060 2024 2099 tamen

1145 2118 1249 2159 olim
1283 2120 1416 2159 etiam
1438 2120 1635 2159 Athenis.
1660 2123 1740 2171 Ap.
1765 2121 2026 2172 Aristopha-

1145 2193 1247 2223 nem
1278 2185 1358 2222 Av.
1392 2183 1513 2222 4084.
1543 2182 1836 2233 Philocrates,
1875 2184 2025 2224 avium

1145 2246 1390 2296 saginator:
1426 2246 1539 2296 Τοῖς
1568 2257 1618 2284 τε
1648 2247 1938 2297 κοψίχοισιν
1959 2248 2026 2297 εἰς

1144 2303 1229 2359 τὰς
1259 2301 1394 2363 ῥῖνας
1423 2307 1557 2361 ἐγχεῖ
1582 2303 1641 2347 τὰ
1663 2305 1824 2365 πτερά.
1875 2310 2025 2349 Meru-

1144 2369 1208 2410 las
1253 2371 1470 2411 inassatas
1513 2371 1809 2422 dysentericis
1851 2371 2025 2411 mederi

1144 2435 1300 2472 auctor
1330 2435 1399 2473 est
1428 2432 1591 2473 Plinius
1613 2434 1662 2474 H.
1687 2435 1738 2473 N.
1763 2434 1834 2483 30,
1868 2435 1906 2473 7.
1939 2436 2026 2485 Ap-

1143 2497 1268 2548 ponit
1295 2497 1425 2547 igitur
1445 2495 1683 2546 ferculum,
1719 2496 1838 2548 quod
1858 2498 2024 2537 Romae

1144 2558 1250 2599 alias
1280 2558 1528 2598 medicinae
1554 2560 1701 2610 potius
1731 2558 1828 2599 loco
1848 2559 2025 2598 videtur

1145 2632 1245 2661 esse
1277 2621 1479 2661 habitum
1520 2632 1656 2672 quam
1693 2620 1798 2661 lauti
1836 2620 1937 2661 cibi.
1974 2643 2019 2649 —-

1138 2683 1253 2734 poni]
1295 2683 1392 2722 Vid.
1430 2684 1517 2723 Sat.
1555 2685 1602 2733 2,
1652 2684 1700 2733 2,
1747 2683 1815 2723 23.
1851 2705 1896 2711 —
1937 2684 2025 2723 sine

1142 2745 1273 2796 clune]
1307 2746 1427 2793 Quae
1458 2747 1610 2785 tamen
1631 2756 1735 2796 pars
1756 2745 1921 2796 optima
1942 2745 2024 2784 ha-

1143 2806 1358 2855 bebatur;
1380 2818 1539 2846 verum
1559 2807 1643 2847 hac
1661 2807 1704 2846 in
1721 2815 1860 2846 coena
1877 2806 2024 2846 omnia

1144 2869 1213 2909 vel
1244 2870 1356 2909 mira
1385 2868 1455 2908 vel
1492 2879 1706 2920 perversa
1737 2879 1837 2909 esse
1867 2867 2020 2920 liquet.

1146 2932 1382 2971 Favorinus
1414 2933 1533 2971 certe
1571 2930 1688 2983 apud
1726 2930 1831 2971 Gell.
1858 2931 1933 2979 ⁴5,
1966 2930 2018 2969 8:

1143 2994 1345 3045 Praefecti
1375 2995 1558 3045 popinae
1587 2998 1711 3044 atque
1739 2993 1939 3033 hwariae
1957 3015 1980 3021 -
2000 3014 2023 3022 -—

1144 3060 1297 3107 neyant
1317 3057 1449 3096 ullam
1469 3067 1590 3096 avem
1611 3060 1787 3107 praeter
1803 3054 2024 3107 ficedulam

1145 3123 1274 3158 totam
1314 3130 1489 3159 comesse
1532 3123 1746 3169 oportere;
1788 3122 2023 3158 ceterarwm

1145 3182 1289 3221 avium
1317 3185 1441 3231 atque
1461 3181 1642 3220 altilium
1659 3181 1740 3220 nisi
1759 3183 1923 3220 tantum
1941 3189 2023 3229 ap-

1139 3248 1356 3294 ponatur,
1407 3247 1453 3283 ut
1494 3255 1522 3283 a
1563 3242 1779 3283 cluniculis
1824 3241 2023 3292 inferiore

1139 3311 1265 3357 parte
1292 3307 1428 3346 saturi
1453 3307 1580 3357 fiant,
1611 3305 1846 3344 convivium
1869 3307 2024 3353 putant

1146 3370 1288 3419 inopia
1325 3371 1493 3408 sordere
1504 3379 1517 3415 ,·
1562 3367 1817 3417 superiorem
1854 3369 2021 3416 partem

1146 3432 1289 3470 avium
1318 3436 1442 3481 atque
1471 3430 1649 3470 altilium
1680 3429 1750 3479 qm·
1779 3429 1922 3475 edunt,
1955 3437 2022 3466 eos

1141 3494 1334 3544 palatum
1364 3506 1445 3533 non
1478 3492 1639 3533 habere.
1678 3515 1720 3519 —
1755 3492 1911 3531 Suaves
1936 3491 2016 3543 res]
