2231 3787
850 272 947 309 Lm.
983 272 1011 309 Ι.
1076 270 1236 309 ffl‘lsT.
1270 269 1318 307 X.

1882 265 1982 318 475

783 830 1226 879 :unstrot-A
1267 831 1355 878 X.

236 971 391 1025 Urbis
428 981 719 1024 amatorem
760 973 992 1025 Fuscum
1032 972 1241 1026 salvere
1282 972 1530 1025 iubemus

233 1074 389 1127 Ruris
430 1082 724 1131 amatores.
769 1072 869 1127 hac
914 1074 966 1125 in
1005 1091 1063 1127 re
1105 1073 1308 1127 scilicet
1347 1091 1451 1126 una

232 1174 453 1227 Multum
492 1174 809 1237 dissimileS‚
853 1184 904 1231 at
942 1184 1123 1229 cetera
1162 1192 1336 1246 paene
1375 1176 1586 1246 gemelli

235 1280 271 1329 F
277 1278 502 1331 raternis
541 1278 732 1331 animis
771 1277 1039 1348 quidquid
1078 1286 1237 1347 negat
1275 1276 1408 1330 alter
1447 1286 1500 1330 et
1537 1277 1669 1354 alter

274 1477 353 1516 ΕΡ.
385 1476 435 1514 X.
469 1475 507 1515 3.
542 1475 607 1527 at]
640 1476 696 1514 ad
714 1474 856 1524 bScd,
890 1475 1083 1515 Pottierii
1106 1486 1264 1515 omnes
1287 1477 1330 1515 et
1358 1476 1454 1514 LtF.
1491 1476 1555 1526 (Ut
1575 1486 1679 1524 nos,
1712 1476 1802 1526 Eg,
1827 1475 1929 1526 alii.)

214 1649 264 1688 X.
299 1648 411 1688 Cum
440 1647 586 1700 lepida
617 1648 757 1687 ironia
776 1648 936 1688 Aristio
960 1649 1042 1687 Fu—

161 1722 260 1759 SCO,
316 1712 470 1750 intimo
519 1721 600 1750 suo
640 1712 784 1751 amico
831 1711 910 1762 (de
953 1722 1040 1762 quo

160 1786 201 1812 v.
235 1772 313 1812 Od.
353 1776 397 1822 4,
440 1773 507 1812 22.
556 1773 642 1812 Sat.
682 1774 725 1822 4,
767 1773 813 1823 9,
854 1774 921 1814 61.
963 1773 1037 1820 40,

159 1836 259 1885 83.)‚
292 1837 387 1887 qui,
433 1837 483 1875 ut
523 1835 790 1887 philologus,
838 1837 880 1876 in
924 1834 1039 1877 Urbe

160 1909 341 1938 manere
364 1897 579 1948 malebat,
601 1899 899 1939 rusticationis
922 1909 1041 1937 com-

159 1961 290 2001 moda
323 1963 367 2001 et
405 1961 564 2012 gaudia
595 1963 796 2009 enarrat,
845 1971 1038 2011 eumque

159 2025 315 2064 Stoicis
362 2025 592 2064 sententiis
651 2024 933 2073 exhortatur,
993 2024 1042 2062 ut

160 2088 278 2126 sorte
310 2097 389 2126 sua
420 2088 654 2126 contentus
683 2087 822 2135 vivat,
867 2096 1036 2136 neque,

159 2148 340 2188 forsitan
385 2159 487 2188 cum
537 2149 704 2187 maiore
752 2147 1040 2188 incommodo

162 2221 296 2260 quam
346 2209 490 2259 lucro,
538 2211 811 2262 potentiores
857 2209 1036 2249 ambiat.

162 2272 345 2320 Quando
397 2272 509 2312 haec
559 2271 744 2324 epistola
793 2272 1041 2323 composita

162 2335 240 2384 sit,
274 2346 359 2374 non
383 2336 577 2383 constat,
614 2336 734 2374 certe
757 2345 797 2374 a.
820 2346 863 2374 u.
883 2346 920 2374 c.
942 2334 1036 2374 734.

216 2460 306 2500 4-3.
352 2460 511 2499 salvere
547 2459 745 2511 iubemus]
789 2458 919 2500 Solita
950 2459 1040 2499 for-

162 2521 293 2563 mula.
352 2522 415 2562 Cf.
454 2523 563 2574 Epp.
603 2523 648 2572 4,
689 2524 736 2570 7,
780 2523 846 2562 66.
898 2521 1037 2563 Plaut.

160 2585 278 2625 Asin.
303 2585 350 2635 2,
382 2586 428 2633 ⁶2,
462 2585 536 2626 30:
569 2585 690 2624 Iubeo
711 2589 747 2624 te
766 2585 925 2625 salvere
943 2597 1041 2626 voce

159 2659 345 2696 summa,
379 2649 518 2697 quoad
547 2649 653 2687 vires
680 2649 834 2687 valent.
886 2647 1041 2688 Plura-

160 2708 210 2749 lis
242 2721 295 2749 ex
333 2709 478 2749 indole
518 2709 691 2761 linguae
733 2711 910 2750 Latinae
941 2722 1041 2751 mo-

161 2772 329 2812 destiae
355 2773 500 2823 potius
523 2775 590 2813 est
620 2784 756 2824 quam
785 2773 1036 2813 iactantiae.

162 2834 338 2873 Servius
368 2833 426 2873 ad
453 2836 562 2874 Aen.
585 2835 632 2883 2,
667 2836 740 2875 89;
791 2840 828 2875 et
855 2847 929 2875 nos
958 2836 1040 2875 ali-

162 2895 271 2942 quod
307 2907 535 2946 nomenque
571 2898 770 2947 decusque
810 2899 1039 2950 Gessimus:

165 2955 369 3006 “pluralis
391 2958 448 2996 ad
477 2958 728 2999 evitandam
759 2961 1037 3000 iactantiam»

164 3019 248 3057 cet.
285 3041 329 3047 —
361 3020 484 3058 Ruris
512 3021 734 3072 amatores]
771 3023 841 3061 Sic
877 3024 1041 3074 Epicu—

163 3089 262 3127 rus,
303 3080 428 3120 ouius
459 3083 628 3121 sectam
665 3084 708 3122 in
746 3084 830 3123 hoc
862 3085 1040 3136 propria

165 3143 318 3181 natura
355 3141 514 3182 ductus
550 3141 839 3185 libentissime
877 3157 1042 3197 seque-

163 3202 314 3251 batur,
350 3203 562 3243 docuerat
589 3201 674 3243 τὸν
704 3204 866 3256 σοφὸν
895 3208 1040 3258 φιλα-

162 3263 372 3322 γρήσειν.
423 3267 545 3316 Diog.
581 3269 722 3307 Laert.
758 3270 801 3316 4,
837 3271 910 3319 210,
946 3273 1037 3312 ⁴20.

167 3353 210 3356 —
243 3330 422 3369 Mullum
462 3330 688 3381 dissimiles]
726 3331 822 3370 Vid.
854 3333 911 3371 ad
950 3335 1037 3373 Sat.

165 3391 212 3439 4,
246 3391 292 3440 3,
326 3393 392 3431 57.
442 3392 504 3432 Cf.
539 3394 625 3432 Sat.
650 3393 698 3438 Ξ,
731 3393 775 3440 3,
809 3393 909 3433 343ῑ
944 3399 1041 3435 tan-

164 3456 251 3492 tum
269 3455 519 3494 dissimilem.
540 3479 582 3483 —
603 3459 647 3494 at
666 3455 816 3506 cetera]
840 3456 909 3494 Sic
931 3457 1037 3496 Cod.

166 3513 315 3556 Bland.
351 3518 579 3568 antiquiss.
615 3520 656 3555 et
694 3516 785 3560 alii.
832 3519 876 3556 ut
923 3519 1037 3569 Virg.

1105 1648 1215 1687 Aen.
1240 1647 1280 1695 3,
1304 1646 1400 1687 594:
1441 1648 1682 1687 Conserlum
1700 1652 1889 1698 teyumen
1908 1650 1988 1699 spi—

1104 1711 1187 1759 nis,
1228 1714 1273 1749 at
1307 1714 1444 1749 cetera
1475 1711 1652 1759 Graius,
1693 1710 1769 1750 ubi
1801 1714 1848 1752 ut
1876 1713 1919 1751 h.
1956 1712 1981 1752 l.

1106 1775 1206 1824 apte
1240 1772 1328 1812 duo
1360 1772 1566 1812 membra
1588 1774 1727 1824 magis
1750 1773 1833 1814 sibi
1854 1785 1989 1826 oppo-

1105 1837 1270 1875 nuntur
1300 1846 1434 1886 quam
1465 1836 1505 1875 in
1538 1835 1676 1876 altera
1706 1835 1894 1877 lectione
1933 1839 1988 1877 ad

1103 1901 1261 1946 celera,
1297 1908 1410 1948 quae
1441 1909 1522 1949 per
1552 1910 1600 1938 se
1623 1900 1819 1950 spectata
1843 1910 1986 1951 aeque

1103 1962 1226 1999 recta
1266 1962 1347 2000 est.
1402 1961 1490 1999 Liv.
1530 1960 1606 2009 37,
1653 1962 1700 2000 7:
1755 1962 1895 2002 virum
1933 1964 1989 2002 ad

1103 2026 1242 2061 cetera
1281 2023 1509 2073 eyreqium.
1572 2022 1696 2062 Idem
1724 2023 1772 2072 4,
1809 2025 1885 2063 26:
1933 2027 1989 2064 ad

1105 2085 1194 2123 alia
1232 2085 1452 2123 discordes.
1513 2086 1667 2136 Pomp.
1706 2084 1817 2125 Mela
1850 2086 1897 2135 2,
1941 2088 1983 2125 tl:

1105 2146 1278 2199 (terrae)
1323 2147 1479 2186 steriles
1522 2148 1578 2186 acl
1621 2152 1772 2188 celera.
1836 2149 1985 2197 Adde,

1106 2209 1227 2259 quod
1265 2210 1470 2249 Horatius
1508 2208 1576 2249 bis
1614 2212 1846 2261 praeterea
1880 2223 1989 2251 con-

1105 2272 1348 2311 structione
1381 2283 1405 2312 a
1436 2272 1564 2312 nobis
1602 2272 1799 2324 praelata
1835 2275 1985 2323 utitur,

1105 2334 1235 2373 huius
1266 2335 1402 2386 Epist.
1426 2347 1467 2374 v.
1492 2336 1559 2375 50.
1596 2338 1640 2375 et
1660 2336 1738 2375 Od.
1762 2336 1811 2386 4,
1845 2338 1884 2386 Ξ,
1919 2338 1984 2376 60.

1105 2395 1329 2446 Singulare
1371 2399 1440 2437 est
1477 2396 1584 2437 illud
1620 2397 1782 2448 Virgilii
1823 2401 1898 2438 Ge.
1935 2399 1985 2445 2,

1105 2457 1208 2497 434:
1242 2458 1336 2498 Flos
1357 2459 1413 2498 ad
1426 2459 1574 2509 prima
1593 2463 1735 2499 tenax.
1772 2460 1835 2500 Cf.
1862 2459 1989 2500 Hand

1105 2519 1227 2559 Turs.
1267 2522 1318 2560 II.
1359 2532 1402 2573 p.
1443 2521 1494 2562 42
1533 2533 1600 2573 sq.
1652 2523 1699 2561 In
1737 2533 1864 2573 seqq.
1897 2525 1987 2562 tam

1105 2582 1199 2621 arte
1223 2583 1466 2623 cohaerent
1487 2585 1760 2633 sententiae,
1789 2585 1872 2624 hac
1894 2586 1988 2636 ipsa

1105 2646 1379 2685 connexione
1401 2657 1489 2685 non
1512 2647 1605 2686 sine
1628 2650 1722 2686 arte
1744 2647 1987 2687 fraternum

1106 2718 1306 2747 amorem
1352 2709 1675 2759 exprimentes,
1730 2711 1777 2748 ut
1821 2710 1989 2750 Meine-

1104 2773 1226 2812 kium
1256 2774 1435 2811 secutus
1467 2771 1631 2812 nullam
1662 2772 1989 2814 distinctionem

1105 2835 1347 2886 posuerim.
1400 2833 1500 2874 Alii:
1536 2839 1580 2873 at
1608 2839 1746 2875 cetera
1768 2847 1904 2886 paene
1922 2847 1991 2887 90-

1103 2897 1214 2936 melli
1242 2897 1460 2935 Fraternis
1489 2898 1661 2947 animis,
1696 2899 1897 2948 quidquid
1915 2911 1989 2938 ne-

1103 2964 1177 3012 gat
1207 2960 1314 2999 alter
1344 2963 1381 2998 el
1410 2959 1536 3008 aller,
1580 2961 1814 3000 Annuimus
1832 2983 1855 2989 -
1875 2983 1898 2989 -
1917 2972 1989 3000 co·-

1105 3022 1244 3061 lumbi.
1295 3021 1397 3062 Alii:
1432 3026 1477 3062 al
1506 3027 1644 3063 cetera
1666 3035 1802 3073 paene
1829 3022 1991 3074 qemelli

1104 3085 1321 3124 Fraternis
1340 3084 1514 3123 animis:
1551 3086 1753 3135 quidquid
1781 3090 1909 3137 negat
1928 3087 1989 3124 al-

1105 3152 1182 3197 ter,
1213 3151 1252 3187 et
1281 3147 1410 3186 alter:
1439 3148 1672 3187 Armuimus
1695 3149 1886 3198 parilem·
1915 3159 1988 3186 ve-

1105 3210 1181 3248 tuli
1210 3210 1376 3259 notique
1405 3209 1596 3249 columbi.
1653 3211 1710 3249 Tu
1739 3212 1823 3250 cet.
1852 3233 1894 3238 -
1920 3219 1988 3259 ye-

1104 3271 1228 3322 melli]
1261 3270 1324 3310 Cf.
1350 3272 1436 3310 Sat.
1459 3272 1510 3319 2,
1543 3271 1588 3319 3,
1621 3270 1716 3311 244.

1160 3333 1252 3373 4-9.
1305 3336 1342 3372 el
1371 3333 1492 3386 aller]
1526 3334 1684 3373 «etiam
1707 3332 1817 3372 alter
1836 3334 1983 3383 negat,

1104 3399 1358 3449 pariterque
1391 3398 1550 3438 eadem
1580 3397 1867 3449 probamus.»
1913 3398 1986 3436 Sa-

1104 3457 1206 3499 lust.
1232 3458 1356 3499 Catil.
1381 3460 1455 3499 2οῑ
1488 3460 1599 3498 Idem
1616 3458 1717 3498 velle
1736 3462 1859 3507 atque
1878 3459 1986 3498 idem

1105 3521 1233 3570 nolle,
1268 3532 1318 3561 ea
1346 3523 1508 3561 demum
1535 3522 1660 3570 firma
1691 3521 1880 3560 anticitia
1912 3525 1982 3565 est¹³
