<?xml version="1.0" encoding="UTF-8"?>
<!DOCTYPE html PUBLIC "-//W3C//DTD XHTML 1.0 Transitional//EN"
    "http://www.w3.org/TR/xhtml1/DTD/xhtml1-transitional.dtd">
<html xmlns="http://www.w3.org/1999/xhtml" xml:lang="en" lang="en">
 <head>
  <title>
</title>
<meta http-equiv="Content-Type" content="text/html;charset=utf-8" />
  <meta name='ocr-system' content='tesseract 3.04.00' />
  <meta name='ocr-capabilities' content='ocr_page ocr_carea ocr_par ocr_line ocrx_word'/>
</head>
<body>
  <div class='ocr_page' id='page_1' title='image "./qhoratiusflaccus02horauoft_0790.png"; bbox 0 0 2231 3787; ppageno 0'>
   <div class='ocr_carea' id='block_1_1' title="bbox 262 230 1274 280">
    <p class='ocr_par' dir='ltr' id='par_1_1' title="bbox 262 230 1274 280">
     <span class='ocr_line' id='line_1_1' title="bbox 262 230 1274 280; baseline -0.01 0"><span class='ocrx_word' id='word_1_1' title='bbox 262 230 358 280; x_wconf 65' lang='lat'>744</span> <span class='ocrx_word' id='word_1_2' title='bbox 1063 232 1274 272; x_wconf 71' lang='lat' dir='ltr'>uonATn</span> 
     </span>
    </p>
   </div>
   <div class='ocr_carea' id='block_1_2' title="bbox 328 360 1789 725">
    <p class='ocr_par' dir='ltr' id='par_1_2' title="bbox 328 360 1789 725">
     <span class='ocr_line' id='line_1_2' title="bbox 330 360 1775 431; baseline 0 -18"><span class='ocrx_word' id='word_1_3' title='bbox 330 362 519 431; x_wconf 82' lang='lat' dir='ltr'>Spcrct</span> <span class='ocrx_word' id='word_1_4' title='bbox 561 360 726 415; x_wconf 82' lang='lat' dir='ltr'>idem.</span> <span class='ocrx_word' id='word_1_5' title='bbox 771 360 926 413; x_wconf 81' lang='lat' dir='ltr'>sudet</span> <span class='ocrx_word' id='word_1_6' title='bbox 967 360 1186 413; x_wconf 86' lang='lat' dir='ltr'>multum</span> <span class='ocrx_word' id='word_1_7' title='bbox 1228 361 1530 431; x_wconf 77' lang='lat' dir='ltr'>frustraque</span> <span class='ocrx_word' id='word_1_8' title='bbox 1570 360 1775 414; x_wconf 81' lang='lat' dir='ltr'>laboret</span> 
     </span>
     <span class='ocr_line' id='line_1_3' title="bbox 329 460 1789 532; baseline 0 -18"><span class='ocrx_word' id='word_1_9' title='bbox 329 465 503 514; x_wconf 80' lang='lat' dir='ltr'>Ausus</span> <span class='ocrx_word' id='word_1_10' title='bbox 544 461 710 514; x_wconf 82' lang='lat' dir='ltr'>idem:</span> <span class='ocrx_word' id='word_1_11' title='bbox 756 470 955 513; x_wconf 86' lang='lat' dir='ltr'>tantum</span> <span class='ocrx_word' id='word_1_12' title='bbox 995 462 1164 514; x_wconf 86' lang='lat' dir='ltr'>series</span> <span class='ocrx_word' id='word_1_13' title='bbox 1207 463 1559 531; x_wconf 78' lang='lat' dir='ltr'>iuncturaque</span> <span class='ocrx_word' id='word_1_14' title='bbox 1603 460 1789 532; x_wconf 83' lang='lat' dir='ltr'>pollet,</span> 
     </span>
     <span class='ocr_line' id='line_1_4' title="bbox 329 561 1659 631; baseline -0.001 -17"><span class='ocrx_word' id='word_1_15' title='bbox 329 565 362 614; x_wconf 80' lang='grc' dir='ltr'>Τ</span> <span class='ocrx_word' id='word_1_16' title='bbox 369 573 548 615; x_wconf 85' lang='lat' dir='ltr'>autum</span> <span class='ocrx_word' id='word_1_17' title='bbox 590 562 656 615; x_wconf 81' lang='lat' dir='ltr'>dc</span> <span class='ocrx_word' id='word_1_18' title='bbox 700 562 874 616; x_wconf 86' lang='lat' dir='ltr'>modio</span> <span class='ocrx_word' id='word_1_19' title='bbox 915 562 1140 631; x_wconf 87' lang='lat' dir='ltr'>sumptis</span> <span class='ocrx_word' id='word_1_20' title='bbox 1180 562 1389 615; x_wconf 83' lang='lat' dir='ltr'>accedit</span> <span class='ocrx_word' id='word_1_21' title='bbox 1426 561 1659 615; x_wconf 81' lang='lat' dir='ltr'>lionoris.</span> 
     </span>
     <span class='ocr_line' id='line_1_5' title="bbox 328 662 1575 725; baseline -0.001 -10"><span class='ocrx_word' id='word_1_22' title='bbox 328 663 484 716; x_wconf 76' lang='lat' dir='ltr'>Silvis</span> <span class='ocrx_word' id='word_1_23' title='bbox 526 663 740 716; x_wconf 82' lang='lat' dir='ltr'>deducti</span> <span class='ocrx_word' id='word_1_24' title='bbox 781 671 1004 715; x_wconf 79' lang='lat' dir='ltr'>caveant</span> <span class='ocrx_word' id='word_1_25' title='bbox 1041 679 1126 715; x_wconf 90' lang='lat' dir='ltr'>me</span> <span class='ocrx_word' id='word_1_26' title='bbox 1168 662 1343 716; x_wconf 87' lang='lat' dir='ltr'>iudice</span> <span class='ocrx_word' id='word_1_27' title='bbox 1383 663 1575 725; x_wconf 89' lang='lat' dir='ltr'>Fauni,</span> 
     </span>
    </p>
   </div>
   <div class='ocr_carea' id='block_1_3' title="bbox 327 763 2077 1111">
    <p class='ocr_par' dir='ltr' id='par_1_3' title="bbox 327 763 2077 1111">
     <span class='ocr_line' id='line_1_6' title="bbox 328 763 2077 833; baseline 0.001 -17"><span class='ocrx_word' id='word_1_28' title='bbox 328 766 402 817; x_wconf 79' lang='lat' dir='ltr'>Ne</span> <span class='ocrx_word' id='word_1_29' title='bbox 444 763 586 817; x_wconf 70' lang='lat' dir='ltr'>velut</span> <span class='ocrx_word' id='word_1_30' title='bbox 626 764 784 815; x_wconf 83' lang='lat' dir='ltr'>innati</span> <span class='ocrx_word' id='word_1_31' title='bbox 826 763 992 815; x_wconf 74' lang='lat' dir='ltr'>triviis</span> <span class='ocrx_word' id='word_1_32' title='bbox 1032 780 1094 816; x_wconf 87' lang='lat' dir='ltr'>ac</span> <span class='ocrx_word' id='word_1_33' title='bbox 1134 780 1306 833; x_wconf 86' lang='lat' dir='ltr'>paene</span> <span class='ocrx_word' id='word_1_34' title='bbox 1347 763 1588 817; x_wconf 79' lang='lat' dir='ltr'>forenses</span> <span class='ocrx_word' id='word_1_35' title='bbox 1974 766 2077 818; x_wconf 66' lang='grc' dir='ltr'>ς245</span> 
     </span>
     <span class='ocr_line' id='line_1_7' title="bbox 327 864 1870 937; baseline 0.001 -19"><span class='ocrx_word' id='word_1_36' title='bbox 327 869 426 918; x_wconf 85' lang='lat' dir='ltr'>Ant.</span> <span class='ocrx_word' id='word_1_37' title='bbox 466 864 684 916; x_wconf 85' lang='lat' dir='ltr'>nimium</span> <span class='ocrx_word' id='word_1_38' title='bbox 726 864 922 917; x_wconf 89' lang='lat' dir='ltr'>teneris</span> <span class='ocrx_word' id='word_1_39' title='bbox 962 864 1278 917; x_wconf 79' lang='lat' dir='ltr'>iuvenentur</span> <span class='ocrx_word' id='word_1_40' title='bbox 1316 865 1565 918; x_wconf 82' lang='lat' dir='ltr'>versibus</span> <span class='ocrx_word' id='word_1_41' title='bbox 1606 883 1870 937; x_wconf 87' lang='lat' dir='ltr'>unquam,</span> 
     </span>
     <span class='ocr_line' id='line_1_8' title="bbox 366 1061 2025 1111; baseline 0.001 -10"><span class='ocrx_word' id='word_1_42' title='bbox 366 1062 459 1102; x_wconf 66' lang='lat'>243.</span> <span class='ocrx_word' id='word_1_43' title='bbox 494 1063 656 1102; x_wconf 75' lang='lat' dir='ltr'>accedet</span> <span class='ocrx_word' id='word_1_44' title='bbox 685 1063 715 1101; x_wconf 87' lang='lat' dir='ltr'><strong>T</strong></span> <span class='ocrx_word' id='word_1_45' title='bbox 747 1061 922 1111; x_wconf 88' lang='lat' dir='ltr'>aliique.</span> <span class='ocrx_word' id='word_1_46' title='bbox 959 1083 1005 1090; x_wconf 93' lang='lat'><strong>—</strong></span> <span class='ocrx_word' id='word_1_47' title='bbox 1039 1061 1133 1101; x_wconf 62' lang='lat'>02-&#39;1-4.</span> <span class='ocrx_word' id='word_1_48' title='bbox 1166 1063 1300 1102; x_wconf 79' lang='lat' dir='ltr'>educti</span> <span class='ocrx_word' id='word_1_49' title='bbox 1331 1062 1418 1108; x_wconf 85' lang='lat' dir='ltr'>duo</span> <span class='ocrx_word' id='word_1_50' title='bbox 1451 1062 1590 1102; x_wconf 82' lang='lat' dir='ltr'>Codd.</span> <span class='ocrx_word' id='word_1_51' title='bbox 1625 1064 1763 1111; x_wconf 85' lang='lat' dir='ltr'>Feae,</span> <span class='ocrx_word' id='word_1_52' title='bbox 1797 1065 1844 1102; x_wconf 88' lang='lat' dir='ltr'>ut</span> <span class='ocrx_word' id='word_1_53' title='bbox 1873 1064 2025 1104; x_wconf 90' lang='lat' dir='ltr'>conie-</span> 
     </span>
    </p>
   </div>
   <div class='ocr_carea' id='block_1_4' title="bbox 312 1123 1398 1175">
    <p class='ocr_par' dir='ltr' id='par_1_4' title="bbox 312 1123 1398 1175">
     <span class='ocr_line' id='line_1_9' title="bbox 312 1123 1398 1175; baseline -0.001 -11"><span class='ocrx_word' id='word_1_54' title='bbox 312 1126 367 1164; x_wconf 82' lang='lat' dir='ltr'>cit</span> <span class='ocrx_word' id='word_1_55' title='bbox 398 1123 644 1171; x_wconf 73' lang='lat' dir='ltr'>Markland,</span> <span class='ocrx_word' id='word_1_56' title='bbox 679 1134 766 1174; x_wconf 89' lang='lat' dir='ltr'>quo</span> <span class='ocrx_word' id='word_1_57' title='bbox 799 1126 980 1164; x_wconf 87' lang='lat' dir='ltr'>auctore</span> <span class='ocrx_word' id='word_1_58' title='bbox 1012 1125 1181 1175; x_wconf 87' lang='lat' dir='ltr'>recepit</span> <span class='ocrx_word' id='word_1_59' title='bbox 1212 1124 1398 1165; x_wconf 83' lang='lat' dir='ltr'>Schelle.</span> 
     </span>
    </p>
   </div>
   <div class='ocr_carea' id='block_1_5' title="bbox 256 1281 1143 3320">
    <p class='ocr_par' dir='ltr' id='par_1_5' title="bbox 256 1281 1143 3320">
     <span class='ocr_line' id='line_1_10' title="bbox 258 1281 1133 1331; baseline 0 -11"><span class='ocrx_word' id='word_1_60' title='bbox 258 1282 404 1320; x_wconf 88' lang='lat' dir='ltr'>tatio.»</span> <span class='ocrx_word' id='word_1_61' title='bbox 452 1281 538 1321; x_wconf 88' lang='lat' dir='ltr'>Sed</span> <span class='ocrx_word' id='word_1_62' title='bbox 575 1282 650 1331; x_wconf 88' lang='lat' dir='ltr'>qui</span> <span class='ocrx_word' id='word_1_63' title='bbox 688 1282 750 1320; x_wconf 88' lang='lat' dir='ltr'>sic</span> <span class='ocrx_word' id='word_1_64' title='bbox 788 1283 1133 1329; x_wconf 70' lang='lat' dir='ltr'>enarraverunt,</span> 
     </span>
     <span class='ocr_line' id='line_1_11' title="bbox 257 1342 1131 1394; baseline -0.001 -11"><span class='ocrx_word' id='word_1_65' title='bbox 257 1345 317 1383; x_wconf 90' lang='lat' dir='ltr'>uti</span> <span class='ocrx_word' id='word_1_66' title='bbox 339 1345 424 1383; x_wconf 87' lang='lat' dir='ltr'>iam</span> <span class='ocrx_word' id='word_1_67' title='bbox 447 1343 547 1389; x_wconf 79' lang='lat' dir='ltr'>dixi,</span> <span class='ocrx_word' id='word_1_68' title='bbox 573 1354 659 1382; x_wconf 90' lang='lat' dir='ltr'>non</span> <span class='ocrx_word' id='word_1_69' title='bbox 681 1343 786 1383; x_wconf 86' lang='lat' dir='ltr'>satis</span> <span class='ocrx_word' id='word_1_70' title='bbox 809 1342 1131 1394; x_wconf 78' lang='lat' dir='ltr'>expenderunt,</span> 
     </span>
     <span class='ocr_line' id='line_1_12' title="bbox 257 1404 1137 1454; baseline 0 -10"><span class='ocrx_word' id='word_1_71' title='bbox 257 1408 312 1445; x_wconf 88' lang='lat' dir='ltr'>ita</span> <span class='ocrx_word' id='word_1_72' title='bbox 351 1406 457 1446; x_wconf 86' lang='lat' dir='ltr'>satis</span> <span class='ocrx_word' id='word_1_73' title='bbox 494 1405 757 1446; x_wconf 81' lang='lat' dir='ltr'>inconcinne</span> <span class='ocrx_word' id='word_1_74' title='bbox 794 1404 884 1454; x_wconf 84' lang='lat' dir='ltr'>bis,</span> <span class='ocrx_word' id='word_1_75' title='bbox 932 1416 1002 1444; x_wconf 68' lang='lat' dir='ltr'>vv,</span> <span class='ocrx_word' id='word_1_76' title='bbox 1032 1406 1137 1444; x_wconf 70' lang='lat'>225-</span> 
     </span>
     <span class='ocr_line' id='line_1_13' title="bbox 256 1466 1138 1518; baseline 0 -12"><span class='ocrx_word' id='word_1_77' title='bbox 256 1467 369 1514; x_wconf 66' lang='grc' dir='ltr'>ς.)39.,</span> <span class='ocrx_word' id='word_1_78' title='bbox 402 1478 648 1518; x_wconf 83' lang='lat' dir='ltr'>rursusque</span> <span class='ocrx_word' id='word_1_79' title='bbox 671 1479 741 1506; x_wconf 65' lang='lat' dir='ltr'>W.</span> <span class='ocrx_word' id='word_1_80' title='bbox 767 1466 968 1507; x_wconf 69' lang='lat'>244-250.</span> <span class='ocrx_word' id='word_1_81' title='bbox 994 1466 1049 1506; x_wconf 91' lang='lat' dir='ltr'>de</span> <span class='ocrx_word' id='word_1_82' title='bbox 1072 1467 1138 1507; x_wconf 85' lang='lat' dir='ltr'>fa-</span> 
     </span>
     <span class='ocr_line' id='line_1_14' title="bbox 256 1528 1138 1580; baseline 0 -12"><span class='ocrx_word' id='word_1_83' title='bbox 256 1528 386 1569; x_wconf 89' lang='lat' dir='ltr'>bulae</span> <span class='ocrx_word' id='word_1_84' title='bbox 432 1530 651 1580; x_wconf 79' lang='lat' dir='ltr'>satyricae</span> <span class='ocrx_word' id='word_1_85' title='bbox 693 1535 901 1569; x_wconf 75' lang='lat' dir='ltr'>sermone</span> <span class='ocrx_word' id='word_1_86' title='bbox 934 1531 1138 1568; x_wconf 90' lang='lat' dir='ltr'>acturum</span> 
     </span>
     <span class='ocr_line' id='line_1_15' title="bbox 257 1591 1140 1641; baseline -0.001 -10"><span class='ocrx_word' id='word_1_87' title='bbox 257 1592 390 1631; x_wconf 80' lang='lat' dir='ltr'>fuisse</span> <span class='ocrx_word' id='word_1_88' title='bbox 439 1593 694 1639; x_wconf 87' lang='lat' dir='ltr'>Horatium,</span> <span class='ocrx_word' id='word_1_89' title='bbox 756 1592 826 1641; x_wconf 77' lang='lat' dir='ltr'>qui</span> <span class='ocrx_word' id='word_1_90' title='bbox 868 1591 928 1630; x_wconf 71' lang='lat' dir='ltr'>vnit</span> <span class='ocrx_word' id='word_1_91' title='bbox 969 1592 1140 1630; x_wconf 74' lang='lat' dir='ltr'>molitur</span> 
     </span>
     <span class='ocr_line' id='line_1_16' title="bbox 257 1654 1140 1704; baseline 0 -12"><span class='ocrx_word' id='word_1_92' title='bbox 257 1655 402 1703; x_wconf 81' lang='lat' dir='ltr'>inepte.</span> <span class='ocrx_word' id='word_1_93' title='bbox 454 1654 670 1693; x_wconf 87' lang='lat' dir='ltr'>«Omnino</span> <span class='ocrx_word' id='word_1_94' title='bbox 711 1663 955 1704; x_wconf 90' lang='lat' dir='ltr'>sequamur</span> <span class='ocrx_word' id='word_1_95' title='bbox 983 1654 1025 1692; x_wconf 89' lang='lat' dir='ltr'>in</span> <span class='ocrx_word' id='word_1_96' title='bbox 1054 1654 1140 1692; x_wconf 88' lang='lat' dir='ltr'>hoc</span> 
     </span>
     <span class='ocr_line' id='line_1_17' title="bbox 258 1714 1138 1767; baseline 0 -13"><span class='ocrx_word' id='word_1_97' title='bbox 258 1726 421 1766; x_wconf 79' lang='lat' dir='ltr'>genere</span> <span class='ocrx_word' id='word_1_98' title='bbox 453 1714 598 1765; x_wconf 78' lang='lat' dir='ltr'>leges,</span> <span class='ocrx_word' id='word_1_99' title='bbox 633 1726 742 1766; x_wconf 86' lang='lat' dir='ltr'>quas</span> <span class='ocrx_word' id='word_1_100' title='bbox 775 1716 928 1755; x_wconf 87' lang='lat' dir='ltr'>Graeci</span> <span class='ocrx_word' id='word_1_101' title='bbox 960 1716 1138 1767; x_wconf 91' lang='lat' dir='ltr'>sapien-</span> 
     </span>
     <span class='ocr_line' id='line_1_18' title="bbox 259 1777 1140 1827; baseline -0.001 -11"><span class='ocrx_word' id='word_1_102' title='bbox 259 1780 327 1816; x_wconf 86' lang='lat' dir='ltr'>ter</span> <span class='ocrx_word' id='word_1_103' title='bbox 357 1778 705 1825; x_wconf 86' lang='lat' dir='ltr'>constituerunt,</span> <span class='ocrx_word' id='word_1_104' title='bbox 754 1778 828 1827; x_wconf 89' lang='lat' dir='ltr'>qui</span> <span class='ocrx_word' id='word_1_105' title='bbox 864 1777 920 1817; x_wconf 83' lang='lat' dir='ltr'>ab</span> <span class='ocrx_word' id='word_1_106' title='bbox 953 1789 1005 1817; x_wconf 91' lang='lat' dir='ltr'>eo</span> <span class='ocrx_word' id='word_1_107' title='bbox 1034 1777 1140 1816; x_wconf 77' lang='lat' dir='ltr'>vitio</span> 
     </span>
     <span class='ocr_line' id='line_1_19' title="bbox 258 1839 1141 1890; baseline 0 -12"><span class='ocrx_word' id='word_1_108' title='bbox 258 1840 474 1890; x_wconf 86' lang='lat' dir='ltr'>imprimis</span> <span class='ocrx_word' id='word_1_109' title='bbox 506 1839 588 1878; x_wconf 87' lang='lat' dir='ltr'>sibi</span> <span class='ocrx_word' id='word_1_110' title='bbox 612 1841 848 1887; x_wconf 64' lang='lat' dir='ltr'>caverunt,</span> <span class='ocrx_word' id='word_1_111' title='bbox 883 1850 938 1879; x_wconf 90' lang='lat' dir='ltr'>ne</span> <span class='ocrx_word' id='word_1_112' title='bbox 958 1839 1141 1878; x_wconf 88' lang='lat' dir='ltr'>decide-</span> 
     </span>
     <span class='ocr_line' id='line_1_20' title="bbox 258 1901 1141 1952; baseline -0.002 -11"><span class='ocrx_word' id='word_1_113' title='bbox 258 1904 356 1941; x_wconf 85' lang='lat' dir='ltr'>rent</span> <span class='ocrx_word' id='word_1_114' title='bbox 387 1903 427 1941; x_wconf 92' lang='lat' dir='ltr'>in</span> <span class='ocrx_word' id='word_1_115' title='bbox 459 1911 597 1952; x_wconf 81' lang='lat' dir='ltr'>genus</span> <span class='ocrx_word' id='word_1_116' title='bbox 625 1901 800 1940; x_wconf 84' lang='lat' dir='ltr'>dicendi</span> <span class='ocrx_word' id='word_1_117' title='bbox 827 1903 1051 1941; x_wconf 88' lang='lat' dir='ltr'>comicum</span> <span class='ocrx_word' id='word_1_118' title='bbox 1073 1903 1141 1940; x_wconf 81' lang='lat' dir='ltr'>at·-</span> 
     </span>
     <span class='ocr_line' id='line_1_21' title="bbox 259 1962 1140 2014; baseline 0.001 -13"><span class='ocrx_word' id='word_1_119' title='bbox 259 1975 345 2014; x_wconf 87' lang='lat' dir='ltr'>que</span> <span class='ocrx_word' id='word_1_120' title='bbox 377 1962 571 2011; x_wconf 84' lang='lat' dir='ltr'>humile,</span> <span class='ocrx_word' id='word_1_121' title='bbox 607 1973 880 2013; x_wconf 87' lang='lat' dir='ltr'>quamquam</span> <span class='ocrx_word' id='word_1_122' title='bbox 913 1964 1018 2002; x_wconf 88' lang='lat' dir='ltr'>item</span> <span class='ocrx_word' id='word_1_123' title='bbox 1049 1965 1140 2002; x_wconf 90' lang='lat' dir='ltr'>tam</span> 
     </span>
     <span class='ocr_line' id='line_1_22' title="bbox 258 2023 1142 2076; baseline -0.001 -11"><span class='ocrx_word' id='word_1_124' title='bbox 258 2023 446 2076; x_wconf 76' lang='lat' dir='ltr'>simplex</span> <span class='ocrx_word' id='word_1_125' title='bbox 478 2027 521 2064; x_wconf 86' lang='lat' dir='ltr'>et</span> <span class='ocrx_word' id='word_1_126' title='bbox 551 2026 746 2064; x_wconf 80' lang='lat' dir='ltr'>nativum</span> <span class='ocrx_word' id='word_1_127' title='bbox 780 2035 879 2064; x_wconf 88' lang='lat' dir='ltr'>esse</span> <span class='ocrx_word' id='word_1_128' title='bbox 903 2025 1060 2073; x_wconf 86' lang='lat' dir='ltr'>dehet,</span> <span class='ocrx_word' id='word_1_129' title='bbox 1094 2027 1142 2064; x_wconf 87' lang='lat' dir='ltr'>ut</span> 
     </span>
     <span class='ocr_line' id='line_1_23' title="bbox 258 2087 1138 2138; baseline -0.002 -11"><span class='ocrx_word' id='word_1_130' title='bbox 258 2087 511 2127; x_wconf 82' lang='lat' dir='ltr'>facillimum</span> <span class='ocrx_word' id='word_1_131' title='bbox 545 2088 726 2138; x_wconf 84' lang='lat' dir='ltr'>quidem</span> <span class='ocrx_word' id='word_1_132' title='bbox 759 2088 894 2127; x_wconf 67' lang='lat' dir='ltr'>cuivis</span> <span class='ocrx_word' id='word_1_133' title='bbox 923 2087 1138 2135; x_wconf 72' lang='lat' dir='ltr'>videatur,</span> 
     </span>
     <span class='ocr_line' id='line_1_24' title="bbox 259 2148 1140 2200; baseline -0.001 -10"><span class='ocrx_word' id='word_1_134' title='bbox 259 2162 361 2190; x_wconf 86' lang='lat' dir='ltr'>cum</span> <span class='ocrx_word' id='word_1_135' title='bbox 403 2149 590 2190; x_wconf 89' lang='lat' dir='ltr'>multum</span> <span class='ocrx_word' id='word_1_136' title='bbox 632 2149 833 2189; x_wconf 82' lang='lat' dir='ltr'>laborem</span> <span class='ocrx_word' id='word_1_137' title='bbox 864 2148 1140 2200; x_wconf 83' lang='lat' dir='ltr'>multamque</span> 
     </span>
     <span class='ocr_line' id='line_1_25' title="bbox 258 2211 1137 2263; baseline -0.003 -11"><span class='ocrx_word' id='word_1_138' title='bbox 258 2212 406 2252; x_wconf 88' lang='lat' dir='ltr'>limam</span> <span class='ocrx_word' id='word_1_139' title='bbox 427 2212 664 2263; x_wconf 86' lang='lat' dir='ltr'>requirat.»</span> <span class='ocrx_word' id='word_1_140' title='bbox 697 2211 847 2252; x_wconf 87' lang='lat' dir='ltr'>Pascal</span> <span class='ocrx_word' id='word_1_141' title='bbox 858 2213 1026 2252; x_wconf 75' lang='lat' dir='ltr'>Pense‘es</span> <span class='ocrx_word' id='word_1_142' title='bbox 1045 2213 1059 2251; x_wconf 52' lang='lat' dir='ltr'>‘l</span> <span class='ocrx_word' id='word_1_143' title='bbox 1075 2244 1082 2261; x_wconf 89' lang='lat'>,</span> <span class='ocrx_word' id='word_1_144' title='bbox 1098 2211 1137 2250; x_wconf 86' lang='lat'>3:</span> 
     </span>
     <span class='ocr_line' id='line_1_26' title="bbox 259 2274 1142 2324; baseline 0 -10"><span class='ocrx_word' id='word_1_145' title='bbox 259 2276 333 2314; x_wconf 82' lang='lat' dir='ltr'>Les</span> <span class='ocrx_word' id='word_1_146' title='bbox 350 2274 556 2314; x_wconf 70' lang='lat' dir='ltr'>meilleur-s</span> <span class='ocrx_word' id='word_1_147' title='bbox 571 2275 693 2313; x_wconf 75' lang='lat' dir='ltr'>lieres</span> <span class='ocrx_word' id='word_1_148' title='bbox 713 2278 803 2314; x_wconf 82' lang='lat' dir='ltr'>sont</span> <span class='ocrx_word' id='word_1_149' title='bbox 823 2285 930 2314; x_wconf 72' lang='lat' dir='ltr'>ceua:</span> <span class='ocrx_word' id='word_1_150' title='bbox 951 2286 1028 2324; x_wconf 82' lang='lat' dir='ltr'>que</span> <span class='ocrx_word' id='word_1_151' title='bbox 1047 2275 1142 2314; x_wconf 86' lang='lat' dir='ltr'>cha-</span> 
     </span>
     <span class='ocr_line' id='line_1_27' title="bbox 260 2337 1137 2388; baseline -0.001 -11"><span class='ocrx_word' id='word_1_152' title='bbox 260 2349 336 2387; x_wconf 66' lang='lat' dir='ltr'>que</span> <span class='ocrx_word' id='word_1_153' title='bbox 351 2338 505 2377; x_wconf 80' lang='lat' dir='ltr'>lecteur</span> <span class='ocrx_word' id='word_1_154' title='bbox 520 2338 640 2387; x_wconf 79' lang='lat' dir='ltr'>croit,</span> <span class='ocrx_word' id='word_1_155' title='bbox 666 2338 767 2387; x_wconf 78' lang='lat' dir='ltr'>qu&#39;it</span> <span class='ocrx_word' id='word_1_156' title='bbox 786 2338 931 2377; x_wconf 80' lang='lat' dir='ltr'>aurait</span> <span class='ocrx_word' id='word_1_157' title='bbox 942 2349 1003 2388; x_wconf 84' lang='lat' dir='ltr'>pu</span> <span class='ocrx_word' id='word_1_158' title='bbox 1015 2337 1137 2388; x_wconf 82' lang='lat' dir='ltr'>faire.</span> 
     </span>
     <span class='ocr_line' id='line_1_28' title="bbox 264 2395 1142 2452; baseline 0 -14"><span class='ocrx_word' id='word_1_159' title='bbox 264 2422 304 2426; x_wconf 77' lang='lat'>——</span> <span class='ocrx_word' id='word_1_160' title='bbox 332 2400 477 2450; x_wconf 78' lang='lat' dir='ltr'>Speret</span> <span class='ocrx_word' id='word_1_161' title='bbox 499 2400 603 2439; x_wconf 83' lang='lat' dir='ltr'>idem</span> <span class='ocrx_word' id='word_1_162' title='bbox 636 2400 737 2451; x_wconf 86' lang='lat' dir='ltr'>cet.]</span> <span class='ocrx_word' id='word_1_163' title='bbox 771 2399 978 2440; x_wconf 85' lang='lat' dir='ltr'>Similiter</span> <span class='ocrx_word' id='word_1_164' title='bbox 999 2395 1142 2452; x_wconf 78' lang='grc' dir='ltr'><strong><em>οἷμον</em></strong></span> 
     </span>
     <span class='ocr_line' id='line_1_29' title="bbox 260 2462 1142 2513; baseline 0.002 -13"><span class='ocrx_word' id='word_1_165' title='bbox 260 2463 408 2512; x_wconf 74' lang='lat' dir='ltr'>poesis</span> <span class='ocrx_word' id='word_1_166' title='bbox 441 2462 702 2513; x_wconf 84' lang='lat' dir='ltr'>Euripideae</span> <span class='ocrx_word' id='word_1_167' title='bbox 745 2462 1035 2502; x_wconf 85' lang='lat' dir='ltr'>Archimedes</span> <span class='ocrx_word' id='word_1_168' title='bbox 1061 2462 1142 2501; x_wconf 88' lang='lat' dir='ltr'>de—</span> 
     </span>
     <span class='ocr_line' id='line_1_30' title="bbox 264 2523 1140 2576; baseline 0.002 -14"><span class='ocrx_word' id='word_1_169' title='bbox 264 2523 415 2562; x_wconf 71' lang='lat' dir='ltr'>scribit</span> <span class='ocrx_word' id='word_1_170' title='bbox 432 2523 604 2563; x_wconf 79' lang='lat' dir='ltr'>Anthol.</span> <span class='ocrx_word' id='word_1_171' title='bbox 626 2523 757 2564; x_wconf 89' lang='lat' dir='ltr'>Palat.</span> <span class='ocrx_word' id='word_1_172' title='bbox 778 2526 809 2564; x_wconf 88' lang='lat'>1.</span> <span class='ocrx_word' id='word_1_173' title='bbox 831 2536 874 2576; x_wconf 92' lang='lat' dir='ltr'>p.</span> <span class='ocrx_word' id='word_1_174' title='bbox 896 2524 967 2564; x_wconf 67' lang='lat'>324</span> <span class='ocrx_word' id='word_1_175' title='bbox 987 2537 994 2563; x_wconf 90' lang='lat'>:</span> <span class='ocrx_word' id='word_1_176' title='bbox 1022 2523 1140 2576; x_wconf 78' lang='grc' dir='ltr'><em>Λείη</em></span> 
     </span>
     <span class='ocr_line' id='line_1_31' title="bbox 259 2582 1141 2644; baseline 0.005 -21"><span class='ocrx_word' id='word_1_177' title='bbox 259 2585 347 2636; x_wconf 74' lang='grc' dir='ltr'>μὲν</span> <span class='ocrx_word' id='word_1_178' title='bbox 365 2582 455 2642; x_wconf 76' lang='grc' dir='ltr'>γὰρ</span> <span class='ocrx_word' id='word_1_179' title='bbox 484 2584 597 2626; x_wconf 74' lang='grc' dir='ltr'><em>[δεῖν</em></span> <span class='ocrx_word' id='word_1_180' title='bbox 622 2587 700 2625; x_wconf 78' lang='grc' dir='ltr'>καὶ</span> <span class='ocrx_word' id='word_1_181' title='bbox 720 2586 971 2644; x_wconf 71' lang='grc' dir='ltr'><em>ἐπίκροτος</em></span> <span class='ocrx_word' id='word_1_182' title='bbox 988 2600 996 2608; x_wconf 89' lang='grc'><em>·</em></span> <span class='ocrx_word' id='word_1_183' title='bbox 1017 2582 1077 2639; x_wconf 63' lang='grc' dir='ltr'>ἦν</span> <span class='ocrx_word' id='word_1_184' title='bbox 1091 2584 1141 2627; x_wconf 74' lang='grc' dir='ltr'>δέ</span> 
     </span>
     <span class='ocr_line' id='line_1_32' title="bbox 262 2644 1143 2707; baseline 0.006 -21"><span class='ocrx_word' id='word_1_185' title='bbox 262 2660 329 2697; x_wconf 79' lang='grc' dir='ltr'>τις</span> <span class='ocrx_word' id='word_1_186' title='bbox 347 2644 498 2701; x_wconf 67' lang='grc' dir='ltr'><em>αὐτὴν</em></span> <span class='ocrx_word' id='word_1_187' title='bbox 519 2648 556 2688; x_wconf 93' lang='lat' dir='ltr'><em>E</em></span> <span class='ocrx_word' id='word_1_188' title='bbox 561 2647 772 2707; x_wconf 77' lang='grc' dir='ltr'>ι’σβαίνῃ,</span> <span class='ocrx_word' id='word_1_189' title='bbox 805 2648 1016 2698; x_wconf 72' lang='grc' dir='ltr'>χαλεποῦ</span> <span class='ocrx_word' id='word_1_190' title='bbox 1036 2663 1143 2707; x_wconf 72' lang='grc' dir='ltr'><em>τρη-</em></span> 
     </span>
     <span class='ocr_line' id='line_1_33' title="bbox 264 2709 1142 2766; baseline 0.002 -16"><span class='ocrx_word' id='word_1_191' title='bbox 264 2712 438 2766; x_wconf 67' lang='grc' dir='ltr'><em>χυτίρη</em></span> <span class='ocrx_word' id='word_1_192' title='bbox 455 2709 769 2762; x_wconf 73' lang='grc' dir='ltr'><strong><em>σκόλοπος.-</em></strong></span> <span class='ocrx_word' id='word_1_193' title='bbox 785 2714 908 2753; x_wconf 78' lang='lat' dir='ltr'>series</span> <span class='ocrx_word' id='word_1_194' title='bbox 928 2714 1142 2753; x_wconf 70' lang='lat' dir='ltr'>iunctura-</span> 
     </span>
     <span class='ocr_line' id='line_1_34' title="bbox 263 2773 1141 2826; baseline 0.005 -15"><span class='ocrx_word' id='word_1_195' title='bbox 263 2773 359 2824; x_wconf 73' lang='lat' dir='ltr'>que]</span> <span class='ocrx_word' id='word_1_196' title='bbox 405 2773 492 2812; x_wconf 84' lang='lat' dir='ltr'>Cfr.</span> <span class='ocrx_word' id='word_1_197' title='bbox 526 2786 594 2813; x_wconf 66' lang='lat' dir='ltr'>vv.</span> <span class='ocrx_word' id='word_1_198' title='bbox 621 2775 671 2815; x_wconf 73' lang='lat'>46</span> <span class='ocrx_word' id='word_1_199' title='bbox 694 2786 792 2826; x_wconf 86' lang='lat' dir='ltr'>sqq.</span> <span class='ocrx_word' id='word_1_200' title='bbox 834 2799 876 2803; x_wconf 88' lang='lat'>—</span> <span class='ocrx_word' id='word_1_201' title='bbox 925 2778 973 2816; x_wconf 83' lang='lat' dir='ltr'>de</span> <span class='ocrx_word' id='word_1_202' title='bbox 1009 2777 1141 2816; x_wconf 80' lang='lat' dir='ltr'>medic</span> 
     </span>
     <span class='ocr_line' id='line_1_35' title="bbox 265 2834 1136 2887; baseline 0.007 -15"><span class='ocrx_word' id='word_1_203' title='bbox 265 2834 448 2885; x_wconf 72' lang='lat' dir='ltr'>sumptis]</span> <span class='ocrx_word' id='word_1_204' title='bbox 479 2836 768 2886; x_wconf 86' lang='lat' dir='ltr'>Opponuntur</span> <span class='ocrx_word' id='word_1_205' title='bbox 789 2839 1012 2887; x_wconf 52' lang='lat' dir='ltr'>exquisita.</span> <span class='ocrx_word' id='word_1_206' title='bbox 1049 2839 1136 2878; x_wconf 89' lang='lat' dir='ltr'>Cic.</span> 
     </span>
     <span class='ocr_line' id='line_1_36' title="bbox 264 2896 1142 2952; baseline 0.005 -18"><span class='ocrx_word' id='word_1_207' title='bbox 264 2898 380 2935; x_wconf 80' lang='lat' dir='ltr'>Orat.</span> <span class='ocrx_word' id='word_1_208' title='bbox 412 2896 485 2943; x_wconf 73' lang='lat'>40,</span> <span class='ocrx_word' id='word_1_209' title='bbox 529 2897 621 2936; x_wconf 72' lang='lat'>163:</span> <span class='ocrx_word' id='word_1_210' title='bbox 677 2899 804 2939; x_wconf 74' lang='lat' dir='ltr'>Verba</span> <span class='ocrx_word' id='word_1_211' title='bbox 845 2901 1015 2952; x_wconf 70' lang='lat' dir='ltr'>leyencla</span> <span class='ocrx_word' id='word_1_212' title='bbox 1048 2905 1142 2940; x_wconf 82' lang='lat' dir='ltr'>sunt</span> 
     </span>
     <span class='ocr_line' id='line_1_37' title="bbox 258 2958 1138 3011; baseline 0.008 -15"><span class='ocrx_word' id='word_1_213' title='bbox 258 2959 516 3008; x_wconf 73' lang='lat' dir='ltr'>potissimum</span> <span class='ocrx_word' id='word_1_214' title='bbox 539 2958 635 2997; x_wconf 83' lang='lat' dir='ltr'>bene</span> <span class='ocrx_word' id='word_1_215' title='bbox 653 2962 863 3011; x_wconf 76' lang='lat' dir='ltr'>sonantia,</span> <span class='ocrx_word' id='word_1_216' title='bbox 885 2964 952 3002; x_wconf 79' lang='lat' dir='ltr'>secl</span> <span class='ocrx_word' id='word_1_217' title='bbox 971 2974 1019 3003; x_wconf 81' lang='lat' dir='ltr'>ea</span> <span class='ocrx_word' id='word_1_218' title='bbox 1043 2975 1138 3011; x_wconf 76' lang='lat' dir='ltr'>non,</span> 
     </span>
     <span class='ocr_line' id='line_1_38' title="bbox 266 3020 1142 3073; baseline 0.008 -15"><span class='ocrx_word' id='word_1_219' title='bbox 266 3025 306 3059; x_wconf 75' lang='grc' dir='ltr'>ιιι</span> <span class='ocrx_word' id='word_1_220' title='bbox 333 3022 502 3069; x_wconf 69' lang='lat' dir='ltr'>poetae,</span> <span class='ocrx_word' id='word_1_221' title='bbox 536 3020 744 3069; x_wconf 62' lang='lat' dir='ltr'>aequisita</span> <span class='ocrx_word' id='word_1_222' title='bbox 783 3024 838 3061; x_wconf 87' lang='lat' dir='ltr'>ad</span> <span class='ocrx_word' id='word_1_223' title='bbox 874 3035 1042 3073; x_wconf 77' lang='lat' dir='ltr'>sonum,</span> <span class='ocrx_word' id='word_1_224' title='bbox 1074 3026 1142 3064; x_wconf 81' lang='lat' dir='ltr'>secl</span> 
     </span>
     <span class='ocr_line' id='line_1_39' title="bbox 262 3083 1141 3136; baseline -0.002 -14"><span class='ocrx_word' id='word_1_225' title='bbox 262 3087 423 3133; x_wconf 68' lang='lat' dir='ltr'>sumpta</span> <span class='ocrx_word' id='word_1_226' title='bbox 456 3084 504 3121; x_wconf 86' lang='lat' dir='ltr'>de</span> <span class='ocrx_word' id='word_1_227' title='bbox 532 3083 678 3122; x_wconf 82' lang='lat' dir='ltr'>medio.</span> <span class='ocrx_word' id='word_1_228' title='bbox 712 3105 759 3110; x_wconf 97' lang='lat'><strong>—</strong></span> <span class='ocrx_word' id='word_1_229' title='bbox 798 3087 975 3136; x_wconf 79' lang='lat' dir='ltr'>accedit]</span> <span class='ocrx_word' id='word_1_230' title='bbox 1026 3089 1141 3127; x_wconf 80' lang='lat'>«130-</span> 
     </span>
     <span class='ocr_line' id='line_1_40' title="bbox 266 3143 1143 3198; baseline 0.003 -14"><span class='ocrx_word' id='word_1_231' title='bbox 266 3146 380 3185; x_wconf 79' lang='lat' dir='ltr'>thius</span> <span class='ocrx_word' id='word_1_232' title='bbox 412 3157 462 3184; x_wconf 81' lang='lat' dir='ltr'>ex</span> <span class='ocrx_word' id='word_1_233' title='bbox 487 3144 626 3184; x_wconf 86' lang='lat' dir='ltr'>Codd.</span> <span class='ocrx_word' id='word_1_234' title='bbox 652 3143 805 3184; x_wconf 80' lang='lat' dir='ltr'>maluit</span> <span class='ocrx_word' id='word_1_235' title='bbox 835 3148 1011 3194; x_wconf 81' lang='lat' dir='ltr'>accedet,</span> <span class='ocrx_word' id='word_1_236' title='bbox 1036 3159 1143 3198; x_wconf 86' lang='lat' dir='ltr'>quo-</span> 
     </span>
     <span class='ocr_line' id='line_1_41' title="bbox 266 3208 1142 3258; baseline 0.002 -12"><span class='ocrx_word' id='word_1_237' title='bbox 266 3208 380 3247; x_wconf 78' lang='lat' dir='ltr'>niam</span> <span class='ocrx_word' id='word_1_238' title='bbox 426 3210 554 3258; x_wconf 78' lang='lat' dir='ltr'>poeta</span> <span class='ocrx_word' id='word_1_239' title='bbox 610 3218 657 3247; x_wconf 89' lang='lat' dir='ltr'>se</span> <span class='ocrx_word' id='word_1_240' title='bbox 706 3217 1017 3258; x_wconf 80' lang='lat' dir='ltr'>aggressurum</span> <span class='ocrx_word' id='word_1_241' title='bbox 1065 3209 1142 3248; x_wconf 84' lang='lat' dir='ltr'>ali-</span> 
     </span>
     <span class='ocr_line' id='line_1_42' title="bbox 266 3268 1140 3320; baseline 0.002 -12"><span class='ocrx_word' id='word_1_242' title='bbox 266 3268 443 3319; x_wconf 81' lang='lat' dir='ltr'>quando</span> <span class='ocrx_word' id='word_1_243' title='bbox 475 3270 716 3320; x_wconf 82' lang='lat' dir='ltr'>promittat.</span> <span class='ocrx_word' id='word_1_244' title='bbox 757 3269 843 3308; x_wconf 86' lang='lat' dir='ltr'>Sed</span> <span class='ocrx_word' id='word_1_245' title='bbox 873 3270 983 3309; x_wconf 85' lang='lat' dir='ltr'>hacc</span> <span class='ocrx_word' id='word_1_246' title='bbox 1007 3271 1140 3310; x_wconf 72' lang='lat' dir='ltr'>verba</span> 
     </span>
    </p>
   </div>
   <div class='ocr_carea' id='block_1_6' title="bbox 266 3331 1177 3379">
    <p class='ocr_par' dir='ltr' id='par_1_6' title="bbox 266 3331 1177 3379">
     <span class='ocr_line' id='line_1_43' title="bbox 266 3331 1177 3379; baseline 0.002 -9"><span class='ocrx_word' id='word_1_247' title='bbox 266 3344 306 3370; x_wconf 82' lang='lat' dir='ltr'>in</span> <span class='ocrx_word' id='word_1_248' title='bbox 347 3332 604 3371; x_wconf 69' lang='lat' dir='ltr'>universum</span> <span class='ocrx_word' id='word_1_249' title='bbox 647 3331 872 3379; x_wconf 86' lang='lat' dir='ltr'>dicuntur,</span> <span class='ocrx_word' id='word_1_250' title='bbox 917 3334 957 3370; x_wconf 80' lang='lat' dir='ltr'>ct</span> <span class='ocrx_word' id='word_1_251' title='bbox 989 3335 1177 3372; x_wconf 65' lang='lat' dir='ltr'>accedit*</span> 
     </span>
    </p>
   </div>
   <div class='ocr_carea' id='block_1_7' title="bbox 268 3393 1143 3507">
    <p class='ocr_par' dir='ltr' id='par_1_7' title="bbox 268 3393 1143 3507">
     <span class='ocr_line' id='line_1_44' title="bbox 268 3393 1143 3444; baseline 0.007 -15"><span class='ocrx_word' id='word_1_252' title='bbox 268 3393 425 3432; x_wconf 69' lang='lat' dir='ltr'>codem</span> <span class='ocrx_word' id='word_1_253' title='bbox 470 3394 561 3432; x_wconf 90' lang='lat' dir='ltr'>iure</span> <span class='ocrx_word' id='word_1_254' title='bbox 602 3405 688 3444; x_wconf 87' lang='lat' dir='ltr'>quo</span> <span class='ocrx_word' id='word_1_255' title='bbox 719 3393 843 3443; x_wconf 76' lang='lat' dir='ltr'>pollet</span> <span class='ocrx_word' id='word_1_256' title='bbox 875 3395 1143 3435; x_wconf 70' lang='lat' dir='ltr'>servandum</span> 
     </span>
     <span class='ocr_line' id='line_1_45' title="bbox 268 3456 1142 3507; baseline 0.003 -13"><span class='ocrx_word' id='word_1_257' title='bbox 268 3457 376 3494; x_wconf 74' lang='lat' dir='ltr'>est.»</span> <span class='ocrx_word' id='word_1_258' title='bbox 400 3456 515 3494; x_wconf 70' lang='lat' dir='ltr'>linx.</span> <span class='ocrx_word' id='word_1_259' title='bbox 553 3458 695 3506; x_wconf 75' lang='lat' dir='ltr'>Atque</span> <span class='ocrx_word' id='word_1_260' title='bbox 718 3457 1038 3507; x_wconf 75' lang='lat' dir='ltr'>ingratissimus</span> <span class='ocrx_word' id='word_1_261' title='bbox 1064 3458 1142 3498; x_wconf 84' lang='lat' dir='ltr'>istc</span> 
     </span>
    </p>
   </div>
   <div class='ocr_carea' id='block_1_8' title="bbox 1202 1280 2083 1457">
    <p class='ocr_par' dir='ltr' id='par_1_8' title="bbox 1202 1280 2083 1457">
     <span class='ocr_line' id='line_1_46' title="bbox 1203 1280 2083 1333; baseline 0.002 -13"><span class='ocrx_word' id='word_1_262' title='bbox 1203 1293 1255 1320; x_wconf 81' lang='lat' dir='ltr'>ex</span> <span class='ocrx_word' id='word_1_263' title='bbox 1299 1292 1387 1321; x_wconf 91' lang='lat' dir='ltr'>uno</span> <span class='ocrx_word' id='word_1_264' title='bbox 1431 1282 1473 1320; x_wconf 90' lang='lat' dir='ltr'>in</span> <span class='ocrx_word' id='word_1_265' title='bbox 1519 1280 1708 1321; x_wconf 88' lang='lat' dir='ltr'>alterum</span> <span class='ocrx_word' id='word_1_266' title='bbox 1752 1285 1929 1333; x_wconf 87' lang='lat' dir='ltr'>tempus</span> <span class='ocrx_word' id='word_1_267' title='bbox 1970 1281 2083 1322; x_wconf 77' lang='lat' dir='ltr'>foret</span> 
     </span>
     <span class='ocr_line' id='line_1_47' title="bbox 1202 1343 2083 1395; baseline 0.002 -13"><span class='ocrx_word' id='word_1_268' title='bbox 1202 1344 1427 1383; x_wconf 81' lang='lat' dir='ltr'>transitus.</span> <span class='ocrx_word' id='word_1_269' title='bbox 1471 1366 1513 1370; x_wconf 89' lang='lat'>—</span> <span class='ocrx_word' id='word_1_270' title='bbox 1560 1343 1740 1395; x_wconf 81' lang='lat' dir='ltr'>honoris]</span> <span class='ocrx_word' id='word_1_271' title='bbox 1788 1354 1900 1395; x_wconf 79' lang='lat' dir='ltr'>«per</span> <span class='ocrx_word' id='word_1_272' title='bbox 1942 1354 2083 1395; x_wconf 85' lang='lat' dir='ltr'>genus</span> 
     </span>
     <span class='ocr_line' id='line_1_48' title="bbox 1203 1404 2083 1457; baseline 0.001 -13"><span class='ocrx_word' id='word_1_273' title='bbox 1203 1405 1378 1445; x_wconf 84' lang='lat' dir='ltr'>dicendi</span> <span class='ocrx_word' id='word_1_274' title='bbox 1410 1404 1599 1457; x_wconf 82' lang='lat' dir='ltr'>simplex</span> <span class='ocrx_word' id='word_1_275' title='bbox 1629 1417 1680 1445; x_wconf 87' lang='lat' dir='ltr'>ac</span> <span class='ocrx_word' id='word_1_276' title='bbox 1701 1416 1882 1456; x_wconf 86' lang='lat' dir='ltr'>verum,</span> <span class='ocrx_word' id='word_1_277' title='bbox 1914 1405 1995 1447; x_wconf 88' lang='lat' dir='ltr'>sed</span> <span class='ocrx_word' id='word_1_278' title='bbox 2016 1408 2083 1446; x_wconf 88' lang='lat' dir='ltr'>ta-</span> 
     </span>
    </p>
   </div>
   <div class='ocr_carea' id='block_1_9' title="bbox 1203 1465 2172 1526">
    <p class='ocr_par' dir='ltr' id='par_1_9' title="bbox 1203 1465 2172 1526">
     <span class='ocr_line' id='line_1_49' title="bbox 1203 1465 2172 1526; baseline 0.003 -19"><span class='ocrx_word' id='word_1_279' title='bbox 1203 1478 1306 1507; x_wconf 89' lang='lat' dir='ltr'>men</span> <span class='ocrx_word' id='word_1_280' title='bbox 1351 1467 1548 1508; x_wconf 87' lang='lat' dir='ltr'>studiose</span> <span class='ocrx_word' id='word_1_281' title='bbox 1599 1465 1902 1517; x_wconf 86' lang='lat' dir='ltr'>elaboratum,</span> <span class='ocrx_word' id='word_1_282' title='bbox 1949 1478 2084 1526; x_wconf 77' lang='lat' dir='ltr'>argu·</span> <span class='ocrx_word' id='word_1_283' title='bbox 2143 1499 2172 1515; x_wconf 74' lang='grc'>,.</span> 
     </span>
    </p>
   </div>
   <div class='ocr_carea' id='block_1_10' title="bbox 1203 1522 2082 1632">
    <p class='ocr_par' dir='ltr' id='par_1_10' title="bbox 1203 1522 2082 1632">
     <span class='ocr_line' id='line_1_50' title="bbox 1204 1522 2082 1580; baseline 0.001 -10"><span class='ocrx_word' id='word_1_284' title='bbox 1204 1532 1353 1570; x_wconf 89' lang='lat' dir='ltr'>mento</span> <span class='ocrx_word' id='word_1_285' title='bbox 1385 1531 1519 1569; x_wconf 88' lang='lat' dir='ltr'>etiam</span> <span class='ocrx_word' id='word_1_286' title='bbox 1548 1540 1770 1580; x_wconf 87' lang='lat' dir='ltr'>perquam</span> <span class='ocrx_word' id='word_1_287' title='bbox 1805 1531 1910 1570; x_wconf 87' lang='lat' dir='ltr'>noto</span> <span class='ocrx_word' id='word_1_288' title='bbox 1941 1522 2082 1571; x_wconf 83' lang='lat' dir='ltr'>novus</span> 
     </span>
     <span class='ocr_line' id='line_1_51' title="bbox 1203 1591 2080 1632; baseline -0.002 0"><span class='ocrx_word' id='word_1_289' title='bbox 1203 1592 1376 1632; x_wconf 89' lang='lat' dir='ltr'>accedit</span> <span class='ocrx_word' id='word_1_290' title='bbox 1391 1593 1618 1632; x_wconf 91' lang='lat' dir='ltr'>ornatus.»</span> <span class='ocrx_word' id='word_1_291' title='bbox 1640 1615 1683 1621; x_wconf 87' lang='lat'><strong>—</strong></span> <span class='ocrx_word' id='word_1_292' title='bbox 1703 1592 1814 1632; x_wconf 90' lang='lat' dir='ltr'>Satis</span> <span class='ocrx_word' id='word_1_293' title='bbox 1834 1591 2004 1632; x_wconf 87' lang='lat' dir='ltr'>urbane</span> <span class='ocrx_word' id='word_1_294' title='bbox 2026 1591 2080 1631; x_wconf 86' lang='lat' dir='ltr'>ad</span> 
     </span>
    </p>
   </div>
   <div class='ocr_carea' id='block_1_11' title="bbox 1204 1642 2118 1694">
    <p class='ocr_par' dir='ltr' id='par_1_11' title="bbox 1204 1642 2118 1694">
     <span class='ocr_line' id='line_1_52' title="bbox 1204 1642 2118 1694; baseline 0 0"><span class='ocrx_word' id='word_1_295' title='bbox 1204 1655 1246 1694; x_wconf 94' lang='lat' dir='ltr'>h.</span> <span class='ocrx_word' id='word_1_296' title='bbox 1271 1654 1298 1694; x_wconf 92' lang='lat' dir='ltr'>l.</span> <span class='ocrx_word' id='word_1_297' title='bbox 1322 1653 1556 1694; x_wconf 88' lang='lat' dir='ltr'>Wieland:</span> <span class='ocrx_word' id='word_1_298' title='bbox 1604 1655 1725 1694; x_wconf 86' lang='lat' dir='ltr'>Diese</span> <span class='ocrx_word' id='word_1_299' title='bbox 1763 1654 1884 1694; x_wconf 82' lang='lat' dir='ltr'>Stelle</span> <span class='ocrx_word' id='word_1_300' title='bbox 1913 1655 1965 1694; x_wconf 78' lang='lat' dir='ltr'>ist</span> <span class='ocrx_word' id='word_1_301' title='bbox 1991 1655 2085 1694; x_wconf 78' lang='lat' dir='ltr'>sehr</span> <span class='ocrx_word' id='word_1_302' title='bbox 2115 1642 2118 1645; x_wconf 43' lang='lat'>¹</span> 
     </span>
    </p>
   </div>
   <div class='ocr_carea' id='block_1_12' title="bbox 1201 1716 2086 2639">
    <p class='ocr_par' dir='ltr' id='par_1_12' title="bbox 1201 1716 2086 2067">
     <span class='ocr_line' id='line_1_53' title="bbox 1201 1716 2084 1767; baseline 0.001 -11"><span class='ocrx_word' id='word_1_303' title='bbox 1201 1717 1500 1767; x_wconf 74' lang='lat' dir='ltr'>me›·kwitrdi9.</span> <span class='ocrx_word' id='word_1_304' title='bbox 1535 1716 1603 1755; x_wconf 86' lang='lat' dir='ltr'>Sie</span> <span class='ocrx_word' id='word_1_305' title='bbox 1630 1716 1785 1756; x_wconf 80' lang='lat' dir='ltr'>enthalt</span> <span class='ocrx_word' id='word_1_306' title='bbox 1804 1717 1890 1756; x_wconf 77' lang='lat' dir='ltr'>eins</span> <span class='ocrx_word' id='word_1_307' title='bbox 1906 1728 1987 1757; x_wconf 81' lang='lat' dir='ltr'>von</span> <span class='ocrx_word' id='word_1_308' title='bbox 2006 1718 2084 1757; x_wconf 84' lang='lat' dir='ltr'>den</span> 
     </span>
     <span class='ocr_line' id='line_1_54' title="bbox 1203 1778 2080 1830; baseline 0.002 -13"><span class='ocrx_word' id='word_1_309' title='bbox 1203 1790 1415 1830; x_wconf 60' lang='lat' dir='ltr'>grosseti</span> <span class='ocrx_word' id='word_1_310' title='bbox 1472 1778 1763 1828; x_wconf 74' lang='lat' dir='ltr'>Mysterien</span> <span class='ocrx_word' id='word_1_311' title='bbox 1806 1780 1880 1819; x_wconf 85' lang='lat' dir='ltr'>der</span> <span class='ocrx_word' id='word_1_312' title='bbox 1919 1780 2080 1829; x_wconf 79' lang='lat' dir='ltr'>Kunst,</span> 
     </span>
     <span class='ocr_line' id='line_1_55' title="bbox 1203 1841 2086 1892; baseline 0.002 -12"><span class='ocrx_word' id='word_1_313' title='bbox 1203 1841 1352 1880; x_wconf 80' lang='lat' dir='ltr'>welche</span> <span class='ocrx_word' id='word_1_314' title='bbox 1366 1841 1509 1880; x_wconf 68' lang='lat' dir='ltr'>Horaz=</span> <span class='ocrx_word' id='word_1_315' title='bbox 1529 1852 1641 1892; x_wconf 72' lang='lat' dir='ltr'>yanz</span> <span class='ocrx_word' id='word_1_316' title='bbox 1659 1841 1971 1881; x_wconf 79' lang='lat' dir='ltr'>zuversichtlich</span> <span class='ocrx_word' id='word_1_317' title='bbox 1989 1853 2086 1882; x_wconf 81' lang='lat' dir='ltr'>aus-</span> 
     </span>
     <span class='ocr_line' id='line_1_56' title="bbox 1205 1902 2085 1953; baseline 0.003 -12"><span class='ocrx_word' id='word_1_318' title='bbox 1205 1903 1440 1942; x_wconf 75' lang='lat' dir='ltr'>schwatzen</span> <span class='ocrx_word' id='word_1_319' title='bbox 1470 1902 1630 1953; x_wconf 76' lang='lat' dir='ltr'>durfte,</span> <span class='ocrx_word' id='word_1_320' title='bbox 1664 1903 1764 1942; x_wconf 84' lang='lat' dir='ltr'>ohne</span> <span class='ocrx_word' id='word_1_321' title='bbox 1783 1903 1957 1953; x_wconf 83' lang='lat' dir='ltr'>Furcht,</span> <span class='ocrx_word' id='word_1_322' title='bbox 1990 1904 2085 1944; x_wconf 84' lang='lat' dir='ltr'>dass</span> 
     </span>
     <span class='ocr_line' id='line_1_57' title="bbox 1205 1961 2084 2017; baseline 0.005 -14"><span class='ocrx_word' id='word_1_323' title='bbox 1205 1976 1250 2004; x_wconf 77' lang='lat' dir='ltr'>er</span> <span class='ocrx_word' id='word_1_324' title='bbox 1279 1965 1356 2004; x_wconf 84' lang='lat' dir='ltr'>den</span> <span class='ocrx_word' id='word_1_325' title='bbox 1373 1961 1625 2017; x_wconf 71' lang='grc' dir='ltr'><em>Ἀμυήτοις</em></span> <span class='ocrx_word' id='word_1_326' title='bbox 1652 1968 1780 2004; x_wconf 82' lang='lat' dir='ltr'>etwas</span> <span class='ocrx_word' id='word_1_327' title='bbox 1806 1967 2084 2007; x_wconf 76' lang='lat' dir='ltr'>verr-athen</span> 
     </span>
     <span class='ocr_line' id='line_1_58' title="bbox 1205 2027 1319 2067; baseline 0.009 -2"><span class='ocrx_word' id='word_1_328' title='bbox 1205 2027 1319 2067; x_wconf 83' lang='lat' dir='ltr'>habe.</span> 
     </span>
    </p>

    <p class='ocr_par' dir='ltr' id='par_1_13' title="bbox 1204 2089 2085 2639">
     <span class='ocr_line' id='line_1_59' title="bbox 1261 2089 2083 2143; baseline 0.001 -13"><span class='ocrx_word' id='word_1_329' title='bbox 1261 2089 1489 2130; x_wconf 68' lang='lat'>244-250.</span> <span class='ocrx_word' id='word_1_330' title='bbox 1536 2091 1661 2130; x_wconf 86' lang='lat' dir='ltr'>Silvis</span> <span class='ocrx_word' id='word_1_331' title='bbox 1690 2090 1865 2143; x_wconf 76' lang='lat' dir='ltr'>deducti]</span> <span class='ocrx_word' id='word_1_332' title='bbox 1897 2101 1922 2131; x_wconf 90' lang='lat' dir='ltr'>a</span> <span class='ocrx_word' id='word_1_333' title='bbox 1952 2093 2083 2143; x_wconf 79' lang='lat' dir='ltr'>poeta</span> 
     </span>
     <span class='ocr_line' id='line_1_60' title="bbox 1205 2153 2080 2204; baseline 0.003 -13"><span class='ocrx_word' id='word_1_334' title='bbox 1205 2153 1248 2191; x_wconf 86' lang='lat' dir='ltr'>in</span> <span class='ocrx_word' id='word_1_335' title='bbox 1280 2163 1474 2192; x_wconf 87' lang='lat' dir='ltr'>scenam.</span> <span class='ocrx_word' id='word_1_336' title='bbox 1524 2154 1605 2201; x_wconf 84' lang='lat' dir='ltr'>Qui</span> <span class='ocrx_word' id='word_1_337' title='bbox 1642 2153 1900 2204; x_wconf 83' lang='lat' dir='ltr'>praeferunt</span> <span class='ocrx_word' id='word_1_338' title='bbox 1932 2155 2080 2204; x_wconf 77' lang='lat' dir='ltr'>educti,</span> 
     </span>
     <span class='ocr_line' id='line_1_61' title="bbox 1207 2213 2080 2267; baseline 0.002 -13"><span class='ocrx_word' id='word_1_339' title='bbox 1207 2213 1426 2267; x_wconf 74' lang='lat' dir='ltr'>explicant</span> <span class='ocrx_word' id='word_1_340' title='bbox 1457 2215 1711 2264; x_wconf 55' lang='lat' dir='ltr'>«educam»</span> <span class='ocrx_word' id='word_1_341' title='bbox 1747 2217 1795 2254; x_wconf 86' lang='lat' dir='ltr'>ut</span> <span class='ocrx_word' id='word_1_342' title='bbox 1822 2215 1939 2267; x_wconf 84' lang='lat' dir='ltr'>Virg.</span> <span class='ocrx_word' id='word_1_343' title='bbox 1971 2217 2080 2256; x_wconf 87' lang='lat' dir='ltr'>Aen.</span> 
     </span>
     <span class='ocr_line' id='line_1_62' title="bbox 1206 2276 2083 2330; baseline 0.001 -13"><span class='ocrx_word' id='word_1_344' title='bbox 1206 2277 1254 2327; x_wconf 88' lang='lat'>6,</span> <span class='ocrx_word' id='word_1_345' title='bbox 1288 2277 1368 2317; x_wconf 79' lang='lat'>765</span> <span class='ocrx_word' id='word_1_346' title='bbox 1390 2289 1397 2315; x_wconf 94' lang='lat'>:</span> <span class='ocrx_word' id='word_1_347' title='bbox 1441 2278 1599 2318; x_wconf 81' lang='lat' dir='ltr'>Educet</span> <span class='ocrx_word' id='word_1_348' title='bbox 1642 2276 1843 2329; x_wconf 85' lang='lat' dir='ltr'>(Silvium</span> <span class='ocrx_word' id='word_1_349' title='bbox 1885 2279 2083 2330; x_wconf 84' lang='lat' dir='ltr'>Lavinia)</span> 
     </span>
     <span class='ocr_line' id='line_1_63' title="bbox 1204 2339 2080 2392; baseline 0.003 -14"><span class='ocrx_word' id='word_1_350' title='bbox 1204 2339 1316 2379; x_wconf 70' lang='lat' dir='ltr'>silvis</span> <span class='ocrx_word' id='word_1_351' title='bbox 1344 2351 1484 2391; x_wconf 70' lang='lat' dir='ltr'>reyem</span> <span class='ocrx_word' id='word_1_352' title='bbox 1512 2352 1740 2392; x_wconf 62' lang='lat' dir='ltr'>regumque</span> <span class='ocrx_word' id='word_1_353' title='bbox 1763 2345 1998 2391; x_wconf 79' lang='lat' dir='ltr'>parentem.</span> <span class='ocrx_word' id='word_1_354' title='bbox 2035 2364 2080 2370; x_wconf 88' lang='lat'>—</span> 
     </span>
     <span class='ocr_line' id='line_1_64' title="bbox 1205 2402 2085 2454; baseline 0.002 -13"><span class='ocrx_word' id='word_1_355' title='bbox 1205 2402 1341 2441; x_wconf 80' lang='lat' dir='ltr'>Fauni</span> <span class='ocrx_word' id='word_1_356' title='bbox 1379 2404 1556 2454; x_wconf 88' lang='lat' dir='ltr'>proprie</span> <span class='ocrx_word' id='word_1_357' title='bbox 1585 2403 1861 2454; x_wconf 87' lang='lat' dir='ltr'>respondent</span> <span class='ocrx_word' id='word_1_358' title='bbox 1890 2405 2085 2443; x_wconf 88' lang='lat' dir='ltr'>Graeco-</span> 
     </span>
     <span class='ocr_line' id='line_1_65' title="bbox 1204 2465 2085 2516; baseline 0.002 -12"><span class='ocrx_word' id='word_1_359' title='bbox 1204 2476 1305 2504; x_wconf 89' lang='lat' dir='ltr'>rum</span> <span class='ocrx_word' id='word_1_360' title='bbox 1342 2465 1557 2514; x_wconf 78' lang='lat' dir='ltr'>Pan1scis,</span> <span class='ocrx_word' id='word_1_361' title='bbox 1605 2466 1680 2516; x_wconf 91' lang='lat' dir='ltr'>qui</span> <span class='ocrx_word' id='word_1_362' title='bbox 1718 2477 1821 2506; x_wconf 88' lang='lat' dir='ltr'>cum</span> <span class='ocrx_word' id='word_1_363' title='bbox 1856 2465 2002 2507; x_wconf 90' lang='lat' dir='ltr'>Sileno</span> <span class='ocrx_word' id='word_1_364' title='bbox 2031 2477 2085 2506; x_wconf 89' lang='lat' dir='ltr'>ac</span> 
     </span>
     <span class='ocr_line' id='line_1_66' title="bbox 1206 2527 2085 2579; baseline 0.002 -13"><span class='ocrx_word' id='word_1_365' title='bbox 1206 2527 1372 2577; x_wconf 80' lang='lat' dir='ltr'>Satyris</span> <span class='ocrx_word' id='word_1_366' title='bbox 1387 2529 1591 2579; x_wconf 88' lang='lat' dir='ltr'>perpetui</span> <span class='ocrx_word' id='word_1_367' title='bbox 1604 2528 1766 2568; x_wconf 88' lang='lat' dir='ltr'>Bacchi</span> <span class='ocrx_word' id='word_1_368' title='bbox 1780 2528 1966 2569; x_wconf 84' lang='lat' dir='ltr'>comites</span> <span class='ocrx_word' id='word_1_369' title='bbox 1982 2530 2085 2569; x_wconf 80' lang='lat' dir='ltr'>sunt</span> 
     </span>
     <span class='ocr_line' id='line_1_67' title="bbox 1208 2588 2084 2639; baseline 0.005 -12"><span class='ocrx_word' id='word_1_370' title='bbox 1208 2588 1273 2639; x_wconf 87' lang='lat' dir='ltr'>(cs.</span> <span class='ocrx_word' id='word_1_371' title='bbox 1300 2589 1376 2628; x_wconf 85' lang='lat' dir='ltr'>Od.</span> <span class='ocrx_word' id='word_1_372' title='bbox 1403 2590 1452 2637; x_wconf 84' lang='lat'>3,</span> <span class='ocrx_word' id='word_1_373' title='bbox 1478 2590 1543 2639; x_wconf 76' lang='lat'>48,</span> <span class='ocrx_word' id='word_1_374' title='bbox 1571 2590 1624 2639; x_wconf 75' lang='lat'>⁴.)</span> <span class='ocrx_word' id='word_1_375' title='bbox 1658 2591 1729 2630; x_wconf 87' lang='lat' dir='ltr'>hic</span> <span class='ocrx_word' id='word_1_376' title='bbox 1759 2592 1909 2630; x_wconf 84' lang='lat' dir='ltr'>autem</span> <span class='ocrx_word' id='word_1_377' title='bbox 1937 2593 2084 2631; x_wconf 84' lang='lat' dir='ltr'>mani-</span> 
     </span>
    </p>
   </div>
   <div class='ocr_carea' id='block_1_13' title="bbox 1207 2650 2116 2703">
    <p class='ocr_par' dir='ltr' id='par_1_14' title="bbox 1207 2650 2116 2703">
     <span class='ocr_line' id='line_1_68' title="bbox 1207 2650 2116 2703; baseline 0.003 -13"><span class='ocrx_word' id='word_1_378' title='bbox 1207 2650 1318 2691; x_wconf 88' lang='lat' dir='ltr'>festo</span> <span class='ocrx_word' id='word_1_379' title='bbox 1366 2651 1501 2691; x_wconf 87' lang='lat' dir='ltr'>iidem</span> <span class='ocrx_word' id='word_1_380' title='bbox 1538 2655 1640 2692; x_wconf 89' lang='lat' dir='ltr'>sunt</span> <span class='ocrx_word' id='word_1_381' title='bbox 1677 2654 1810 2703; x_wconf 89' lang='lat' dir='ltr'>atque</span> <span class='ocrx_word' id='word_1_382' title='bbox 1840 2653 1998 2703; x_wconf 87' lang='lat' dir='ltr'>Satyri.</span> <span class='ocrx_word' id='word_1_383' title='bbox 2036 2676 2080 2681; x_wconf 80' lang='lat'>—</span> <span class='ocrx_word' id='word_1_384' title='bbox 2113 2697 2116 2701; x_wconf 58' lang='grc'><em>,</em></span> 
     </span>
    </p>
   </div>
   <div class='ocr_carea' id='block_1_14' title="bbox 1202 2713 2085 3510">
    <p class='ocr_par' dir='ltr' id='par_1_15' title="bbox 1202 2713 2085 3510">
     <span class='ocr_line' id='line_1_69' title="bbox 1205 2713 2082 2765; baseline 0.005 -14"><span class='ocrx_word' id='word_1_385' title='bbox 1205 2714 1287 2761; x_wconf 75' lang='lat' dir='ltr'>Ne,</span> <span class='ocrx_word' id='word_1_386' title='bbox 1312 2714 1419 2752; x_wconf 51' lang='lat' dir='ltr'>¹velat</span> <span class='ocrx_word' id='word_1_387' title='bbox 1440 2714 1573 2753; x_wconf 81' lang='lat' dir='ltr'>innati</span> <span class='ocrx_word' id='word_1_388' title='bbox 1594 2714 1728 2754; x_wconf 79' lang='lat' dir='ltr'>triviis</span> <span class='ocrx_word' id='word_1_389' title='bbox 1748 2713 1852 2765; x_wconf 87' lang='lat' dir='ltr'>cet.]</span> <span class='ocrx_word' id='word_1_390' title='bbox 1880 2715 1949 2754; x_wconf 89' lang='lat' dir='ltr'>«in</span> <span class='ocrx_word' id='word_1_391' title='bbox 1971 2714 2082 2755; x_wconf 85' lang='lat' dir='ltr'>urhe</span> 
     </span>
     <span class='ocr_line' id='line_1_70' title="bbox 1206 2776 2084 2829; baseline 0.005 -15"><span class='ocrx_word' id='word_1_392' title='bbox 1206 2776 1293 2814; x_wconf 85' lang='lat' dir='ltr'>nati</span> <span class='ocrx_word' id='word_1_393' title='bbox 1308 2788 1314 2823; x_wconf 91' lang='grc'>;</span> <span class='ocrx_word' id='word_1_394' title='bbox 1332 2792 1349 2811; x_wconf 80' lang='grc'><em>»</em></span> <span class='ocrx_word' id='word_1_395' title='bbox 1384 2776 1463 2816; x_wconf 72' lang='lat' dir='ltr'>secl</span> <span class='ocrx_word' id='word_1_396' title='bbox 1486 2787 1589 2816; x_wconf 88' lang='lat' dir='ltr'>cum</span> <span class='ocrx_word' id='word_1_397' title='bbox 1610 2776 1805 2827; x_wconf 90' lang='lat' dir='ltr'>quodam</span> <span class='ocrx_word' id='word_1_398' title='bbox 1827 2777 2084 2829; x_wconf 89' lang='lat' dir='ltr'>contemptu</span> 
     </span>
     <span class='ocr_line' id='line_1_71' title="bbox 1206 2837 2085 2889; baseline 0.003 -12"><span class='ocrx_word' id='word_1_399' title='bbox 1206 2838 1366 2877; x_wconf 86' lang='lat' dir='ltr'>dicitur</span> <span class='ocrx_word' id='word_1_400' title='bbox 1396 2838 1451 2878; x_wconf 89' lang='lat' dir='ltr'>de</span> <span class='ocrx_word' id='word_1_401' title='bbox 1475 2837 1708 2889; x_wconf 83' lang='lat' dir='ltr'>plebecula</span> <span class='ocrx_word' id='word_1_402' title='bbox 1729 2837 1922 2887; x_wconf 83' lang='lat' dir='ltr'>urbana;</span> <span class='ocrx_word' id='word_1_403' title='bbox 1948 2850 2085 2889; x_wconf 78' lang='lat' dir='ltr'>paene</span> 
     </span>
     <span class='ocr_line' id='line_1_72' title="bbox 1202 2900 2085 2950; baseline 0.003 -11"><span class='ocrx_word' id='word_1_404' title='bbox 1202 2900 1405 2950; x_wconf 78' lang='lat' dir='ltr'>forenscS,</span> <span class='ocrx_word' id='word_1_405' title='bbox 1441 2901 1674 2940; x_wconf 85' lang='lat' dir='ltr'>«continuo</span> <span class='ocrx_word' id='word_1_406' title='bbox 1697 2902 1927 2941; x_wconf 83' lang='lat' dir='ltr'>versantes</span> <span class='ocrx_word' id='word_1_407' title='bbox 1952 2901 1996 2941; x_wconf 90' lang='lat' dir='ltr'>in</span> <span class='ocrx_word' id='word_1_408' title='bbox 2016 2901 2085 2942; x_wconf 86' lang='lat' dir='ltr'>fo-</span> 
     </span>
     <span class='ocr_line' id='line_1_73' title="bbox 1207 2963 2084 3013; baseline 0.002 -11"><span class='ocrx_word' id='word_1_409' title='bbox 1207 2974 1315 3011; x_wconf 75' lang='lat' dir='ltr'>ro»,</span> <span class='ocrx_word' id='word_1_410' title='bbox 1349 2963 1672 3013; x_wconf 76' lang='lat' dir='ltr'>circumforanei</span> <span class='ocrx_word' id='word_1_411' title='bbox 1702 2963 1948 3013; x_wconf 87' lang='lat' dir='ltr'>Ciceronis,</span> <span class='ocrx_word' id='word_1_412' title='bbox 1986 2963 2084 3003; x_wconf 85' lang='lat' dir='ltr'>sub-</span> 
     </span>
     <span class='ocr_line' id='line_1_74' title="bbox 1204 3024 2080 3076; baseline 0 -12"><span class='ocrx_word' id='word_1_413' title='bbox 1204 3026 1388 3064; x_wconf 68' lang='lat' dir='ltr'>rostrani</span> <span class='ocrx_word' id='word_1_414' title='bbox 1406 3024 1538 3064; x_wconf 89' lang='lat' dir='ltr'>Caelii</span> <span class='ocrx_word' id='word_1_415' title='bbox 1557 3025 1659 3075; x_wconf 87' lang='lat' dir='ltr'>(Cic.</span> <span class='ocrx_word' id='word_1_416' title='bbox 1681 3025 1736 3065; x_wconf 86' lang='lat' dir='ltr'>ad</span> <span class='ocrx_word' id='word_1_417' title='bbox 1754 3026 1873 3065; x_wconf 88' lang='lat' dir='ltr'>Fam.</span> <span class='ocrx_word' id='word_1_418' title='bbox 1888 3026 1928 3075; x_wconf 86' lang='lat'>8,</span> <span class='ocrx_word' id='word_1_419' title='bbox 1949 3026 1988 3074; x_wconf 71' lang='lat'>4,</span> <span class='ocrx_word' id='word_1_420' title='bbox 2007 3025 2080 3076; x_wconf 80' lang='lat'>4.)‚</span> 
     </span>
     <span class='ocr_line' id='line_1_75' title="bbox 1206 3083 2080 3144; baseline 0.002 -18"><span class='ocrx_word' id='word_1_421' title='bbox 1206 3083 1519 3144; x_wconf 70' lang='grc' dir='ltr'><em>ἁγοραστικοὶ</em></span> <span class='ocrx_word' id='word_1_422' title='bbox 1531 3087 1720 3128; x_wconf 88' lang='lat' dir='ltr'>Platonis</span> <span class='ocrx_word' id='word_1_423' title='bbox 1739 3086 1917 3139; x_wconf 85' lang='lat' dir='ltr'>(Cratyl.</span> <span class='ocrx_word' id='word_1_424' title='bbox 1927 3097 1971 3139; x_wconf 94' lang='lat' dir='ltr'>p.</span> <span class='ocrx_word' id='word_1_425' title='bbox 1985 3086 2080 3128; x_wconf 76' lang='lat'>408.</span> 
     </span>
     <span class='ocr_line' id='line_1_76' title="bbox 1207 3150 2084 3201; baseline 0.001 -13"><span class='ocrx_word' id='word_1_426' title='bbox 1207 3150 1269 3198; x_wconf 68' lang='lat' dir='ltr'>A).</span> <span class='ocrx_word' id='word_1_427' title='bbox 1308 3151 1480 3199; x_wconf 80' lang='lat' dir='ltr'>«Fauni,</span> <span class='ocrx_word' id='word_1_428' title='bbox 1512 3150 1645 3190; x_wconf 88' lang='lat' dir='ltr'>iidem</span> <span class='ocrx_word' id='word_1_429' title='bbox 1662 3152 1796 3201; x_wconf 90' lang='lat' dir='ltr'>atque</span> <span class='ocrx_word' id='word_1_430' title='bbox 1812 3151 2084 3190; x_wconf 87' lang='lat' dir='ltr'>Graecorum</span> 
     </span>
     <span class='ocr_line' id='line_1_77' title="bbox 1208 3211 2085 3263; baseline 0.001 -13"><span class='ocrx_word' id='word_1_431' title='bbox 1208 3212 1374 3261; x_wconf 61' lang='lat' dir='ltr'>Satyri,</span> <span class='ocrx_word' id='word_1_432' title='bbox 1416 3212 1602 3263; x_wconf 86' lang='lat' dir='ltr'>quibus,</span> <span class='ocrx_word' id='word_1_433' title='bbox 1639 3214 1687 3252; x_wconf 91' lang='lat' dir='ltr'>ut</span> <span class='ocrx_word' id='word_1_434' title='bbox 1716 3211 1976 3252; x_wconf 85' lang='lat' dir='ltr'>Theocriteo</span> <span class='ocrx_word' id='word_1_435' title='bbox 2005 3221 2085 3262; x_wconf 84' lang='lat' dir='ltr'>ge-</span> 
     </span>
     <span class='ocr_line' id='line_1_78' title="bbox 1209 3274 2083 3323; baseline 0 -11"><span class='ocrx_word' id='word_1_436' title='bbox 1209 3275 1323 3320; x_wconf 88' lang='lat' dir='ltr'>neri,</span> <span class='ocrx_word' id='word_1_437' title='bbox 1367 3275 1573 3314; x_wconf 77' lang='lat' dir='ltr'>convenit</span> <span class='ocrx_word' id='word_1_438' title='bbox 1601 3276 1725 3314; x_wconf 86' lang='lat' dir='ltr'>Musa</span> <span class='ocrx_word' id='word_1_439' title='bbox 1751 3274 1911 3314; x_wconf 85' lang='lat' dir='ltr'>rustica</span> <span class='ocrx_word' id='word_1_440' title='bbox 1939 3277 1977 3313; x_wconf 83' lang='lat' dir='ltr'>et</span> <span class='ocrx_word' id='word_1_441' title='bbox 1997 3284 2083 3323; x_wconf 83' lang='lat' dir='ltr'>pa—</span> 
     </span>
     <span class='ocr_line' id='line_1_79' title="bbox 1208 3334 2083 3387; baseline 0 -13"><span class='ocrx_word' id='word_1_442' title='bbox 1208 3336 1393 3386; x_wconf 75' lang='lat' dir='ltr'>storalis,</span> <span class='ocrx_word' id='word_1_443' title='bbox 1428 3348 1534 3386; x_wconf 73' lang='lat' dir='ltr'>qzcae</span> <span class='ocrx_word' id='word_1_444' title='bbox 1562 3348 1642 3375; x_wconf 84' lang='lat' dir='ltr'>non</span> <span class='ocrx_word' id='word_1_445' title='bbox 1675 3336 1816 3387; x_wconf 83' lang='lat' dir='ltr'>forum</span> <span class='ocrx_word' id='word_1_446' title='bbox 1842 3334 1980 3384; x_wconf 86' lang='lat' dir='ltr'>modo,</span> <span class='ocrx_word' id='word_1_447' title='bbox 2010 3345 2083 3374; x_wconf 88' lang='lat' dir='ltr'>ve-</span> 
     </span>
     <span class='ocr_line' id='line_1_80' title="bbox 1209 3396 2085 3448; baseline 0.002 -13"><span class='ocrx_word' id='word_1_448' title='bbox 1209 3409 1301 3436; x_wconf 76' lang='lat' dir='ltr'>rum</span> <span class='ocrx_word' id='word_1_449' title='bbox 1340 3399 1472 3447; x_wconf 76' lang='lat' dir='ltr'>ipsam</span> <span class='ocrx_word' id='word_1_450' title='bbox 1516 3399 1641 3438; x_wconf 86' lang='lat' dir='ltr'>etiam</span> <span class='ocrx_word' id='word_1_451' title='bbox 1668 3398 1811 3438; x_wconf 84' lang='lat' dir='ltr'>urbem</span> <span class='ocrx_word' id='word_1_452' title='bbox 1838 3396 2085 3448; x_wconf 80' lang='lat' dir='ltr'>reformidat</span> 
     </span>
     <span class='ocr_line' id='line_1_81' title="bbox 1212 3458 2080 3510; baseline 0 -11"><span class='ocrx_word' id='word_1_453' title='bbox 1212 3458 1399 3509; x_wconf 85' lang='lat' dir='ltr'>(Quintil.</span> <span class='ocrx_word' id='word_1_454' title='bbox 1428 3461 1490 3508; x_wconf 62' lang='grc'>«10,</span> <span class='ocrx_word' id='word_1_455' title='bbox 1519 3461 1555 3509; x_wconf 73' lang='lat' dir='ltr'>t,</span> <span class='ocrx_word' id='word_1_456' title='bbox 1580 3460 1685 3510; x_wconf 57' lang='lat'>55),</span> <span class='ocrx_word' id='word_1_457' title='bbox 1719 3459 1892 3500; x_wconf 88' lang='lat' dir='ltr'>duobus</span> <span class='ocrx_word' id='word_1_458' title='bbox 1923 3470 1948 3498; x_wconf 92' lang='lat' dir='ltr'>a</span> <span class='ocrx_word' id='word_1_459' title='bbox 1968 3459 2080 3499; x_wconf 80' lang='lat' dir='ltr'>vitiis</span> 
     </span>
    </p>
   </div>
   <div class='ocr_carea' id='block_1_15' title="bbox 2214 3570 2231 3636">
    <p class='ocr_par' dir='ltr' id='par_1_16' title="bbox 2214 3570 2231 3636">
     <span class='ocr_line' id='line_1_82' title="bbox 2226 3570 2231 3583; baseline 0 0"><span class='ocrx_word' id='word_1_460' title='bbox 2226 3570 2231 3583; x_wconf 86' lang='grc' dir='ltr'>Ι</span> 
     </span>
     <span class='ocr_line' id='line_1_83' title="bbox 2214 3600 2231 3636; baseline 0 0"><span class='ocrx_word' id='word_1_461' title='bbox 2214 3600 2231 3636; x_wconf 80' lang='lat'>⁴.</span> 
     </span>
    </p>
   </div>
  </div>
 </body>
</html>
