2231 3787
865 254 960 293 [AB.
994 254 1042 292 11.
1106 254 1216 292 SAT.
1255 254 1319 292 Vl.

1908 249 2002 301 311

269 386 323 438 Si
365 401 543 455 neque
583 384 841 437 maiorem
879 383 977 437 l'eci
1018 383 1222 437 ratione
1260 382 1400 436 mala
1438 399 1550 436 rem

264 489 373 541 Nec
413 504 531 540 sum
570 485 805 540 facturus
843 485 968 539 vitio
1008 485 1232 556 culpave
1271 485 1560 548 minorem,

270 590 324 641 Si
364 604 595 641 veneror
633 587 824 641 stultus
863 586 989 639 nihil
1028 586 1244 640 horum:
1288 587 1334 640 O
1375 587 1418 639 si
1460 585 1686 656 angulus
1728 584 1812 638 ille

268 690 546 743 Proximus
587 689 830 752 accedat,
873 690 963 760 qui
1003 707 1144 743 nunc
1182 688 1464 742 denormat
1502 686 1754 758 agellum!

269 794 316 846 O
356 793 397 845 si
439 810 627 845 urnam
669 792 872 863 argenti
914 792 1019 845 sors
1059 808 1200 862 quae
1240 790 1366 843 mihi
1407 798 1665 843 monstret
1702 797 1759 841 ut
1798 787 1889 850 illi,
1950 787 2013 840 ‘lO

269 893 541 947 Thesauro
583 894 796 947 invento
837 893 928 964 qui
968 893 1335 947 mercenarius
1375 910 1563 963 agrum

272 995 420 1048 lllum
461 996 635 1066 ipsum
662 988 942 1049 'mercatus
981 994 1171 1056 aravit,
1227 995 1377 1048 dives
1418 995 1589 1048 amico

269 1097 522 1152 Hercule!
566 1098 646 1159 si,
688 1096 834 1169 quod
859 1097 1036 1158 adest,
1068 1106 1275 1168 gratum
1298 1097 1464 1159 iuvat,
1505 1096 1605 1151 hac
1627 1114 1789 1168 prece
1812 1105 1862 1151 te
1890 1113 2011 1150 oro:

257 1251 369 1280 unus
387 1241 592 1280 Pottierii.
616 1263 658 1268 -—
688 1240 745 1279 ¹0.
767 1251 851 1289 qua
867 1250 981 1279 unus
999 1240 1205 1286 Pottierii,
1227 1239 1358 1279 LCtF.
1396 1241 1445 1280 Ut
1467 1250 1562 1287 nos,
1591 1239 1693 1288 bSc,
1722 1237 1961 1279 Bentleiani

252 1313 406 1343 omnes
426 1305 614 1354 {praeter
630 1303 827 1353 Regium,
854 1302 927 1352 qui
953 1301 1090 1341 habet
1115 1301 1258 1352 quam)
1290 1304 1336 1341 et
1357 1300 1512 1352 reliqui
1535 1302 1740 1342 Pottierii.
1766 1324 1808 1330 -—
1833 1302 1899 1341 ille
1919 1312 1957 1342 c.

198 1422 372 1459 reretur
397 1430 521 1469 super
547 1420 669 1464 haec;
704 1421 750 1458 ut
781 1417 886 1458 Plin.
911 1420 1070 1469 Paneg.

197 1483 270 1531 75,
295 1482 342 1521 δε
383 1493 507 1532 super
536 1494 608 1531 ea,
651 1493 757 1531 quae
794 1492 1075 1531 sum--pre-

195 1548 326 1583 catus.
387 1543 466 1584 Alii
502 1545 647 1584 minus
678 1545 904 1595 apposite:
941 1542 1074 1583 «silva

198 1607 239 1646 in
269 1605 365 1646 loco
396 1606 580 1647 editiore
613 1618 748 1658 super
776 1607 928 1655 horto,
973 1604 1073 1645 villa

198 1671 242 1709 et
273 1669 434 1709 fonte.»
494 1670 581 1710 Sed
602 1673 750 1709 utrum
773 1669 932 1709 editior
953 1671 1075 1709 esset

197 1731 325 1780 silva,
372 1743 427 1771 an
459 1732 515 1771 ad
553 1731 666 1772 latus
698 1731 823 1771 villae
855 1733 956 1780 sita,
1003 1732 1073 1770 vix

197 1794 442 1846 quidquam
483 1794 709 1834 attinebat.
759 1817 804 1822 —
851 1794 959 1833 Bene
995 1793 1072 1844 est]

198 1856 398 1897 Formula
429 1861 498 1898 est
536 1858 729 1897 contenti
760 1856 878 1896 bono
911 1858 1073 1895 eventu

196 1921 350 1970 animi,
391 1932 470 1972 pro
509 1932 595 1971 qua
636 1931 778 1971 aeque
818 1919 1075 1970 frequenter

197 1985 333 2023 Latini
379 1984 530 2023 dicunt
573 1983 669 2022 bene
711 1983 844 2022 habet.
920 1983 1070 2021 Iuven.

198 2047 271 2094 40,
305 2047 380 2085 72:
433 2048 540 2086 Bene
569 2046 713 2094 habet,
746 2046 804 2084 nil
827 2046 923 2096 plus
944 2046 1074 2084 inler-

197 2120 312 2159 r090.
376 2110 437 2148 De
470 2109 799 2149 constructione
829 2108 953 2148 verbi
994 2119 1075 2148 esse

198 2182 300 2210 cum
322 2170 450 2210 advv.
471 2171 524 2210 cs.
547 2172 687 2211 llaase
717 2171 772 2211 ad
805 2173 949 2222 Reisig
979 2173 1070 2211 Lat.

197 2233 413 2283 &praelim
443 2244 485 2284 p.
511 2232 603 2273 394.
642 2255 686 2261 —
717 2235 839 2273 Maia
868 2234 976 2285 nate]
1009 2235 1076 2274 In-

197 2298 325 2335 vocat
376 2295 640 2334 Mercurium
690 2293 799 2334 lucri
845 2295 1071 2344 datorem,

198 2354 429 2412 κερὸᾦον,
462 2351 713 2413 ἐριούνιον.
758 2358 820 2397 Ct'.
846 2358 933 2397 Sat.
959 2358 1006 2406 2,
1032 2357 1070 2406 3,

199 2420 265 2460 68.
290 2420 436 2459 Matris
458 2422 606 2458 autem
625 2429 787 2458 nomen
806 2420 846 2458 in
865 2419 1074 2470 precibus

197 2480 417 2521 blandius.
445 2481 700 2533 —propriaJ
736 2481 972 2521 «stabilia»
1008 2482 1071 2522 Cf.

198 2545 285 2583 Sat.
311 2545 357 2592 2,
390 2544 437 2591 2,
473 2544 564 2583 429.
616 2544 732 2594 Virg.
757 2547 865 2583 Aen.
891 2545 937 2593 6,
970 2545 1070 2584 872:

191 2607 374 2656 propria
401 2607 501 2646 haec
520 2607 554 2645 si
585 2607 695 2645 dona
724 2604 906 2654 fuissent.
964 2605 1070 2646 Plin.

198 2670 356 2719 Paneg.
382 2669 428 2717 2,
462 2669 507 2708 7;
533 2669 749 2719 peculiare
776 2669 896 2708 huius
915 2673 953 2709 et
966 2680 1074 2719 pro-

193 2731 350 2780 prium.

253 2792 372 2833 6-43.
405 2793 452 2833 Si
480 2804 610 2844 neque
640 2795 743 2844 cet.]
777 2795 894 2834 «Hac
925 2794 1074 2835 condi-

199 2854 325 2894 cione
356 2855 515 2895 exaudi
544 2867 704 2907 preces
735 2867 886 2905 meas,
925 2858 960 2897 si
999 2868 1075 2897 ne-

199 2927 312 2966 que»
357 2918 461 2966 cet.,
501 2917 722 2969 frequenti
762 2919 805 2959 in
846 2920 1072 2971 precando

200 2977 400 3018 formula.
453 2978 515 3019 Cf.
541 2979 619 3019 Od.
645 2980 689 3030 4,
721 2980 795 3030 32,
829 2981 867 3020 4.
915 2981 961 3030 3,
996 2981 1069 3030 48,

199 3042 238 3081 5.
304 3041 449 3081 Carm.
487 3041 583 3081 Sec.
621 3041 688 3081 37.
752 3043 969 3094 Apodosis
999 3054 1074 3084 se-

199 3104 347 3155 quitur
375 3102 560 3143 demum
588 3114 631 3143 V.
656 3103 732 3144 43:
771 3105 850 3145 hac
881 3117 1008 3156 prece
1037 3109 1074 3145 te

199 3177 288 3206 oro.
324 3188 369 3193 —
401 3165 564 3204 racione
590 3165 720 3217 mala]
751 3168 799 3206 ut
829 3169 933 3208 tunc
954 3178 1073 3208 com-

198 3227 349 3280 plures
379 3227 598 3279 periurio,
630 3226 748 3268 falsis
777 3230 1070 3279 testamentis,

199 3291 363 3342 rapinis
392 3300 489 3330 rem
518 3287 780 3330 familiarem
810 3301 972 3341 augere
1004 3292 1073 3331 ni-

199 3350 256 3392 hil
286 3352 412 3404 pensi
451 3350 692 3391 habebant.
729 3371 772 3379 —
809 3351 911 3403 rem]
944 3352 1072 3392 fami-

200 3411 369 3454 liarem.
407 3435 450 3441 —
493 3412 606 3464 vitio]
652 3413 831 3453 «vitiosa
873 3411 1068 3463 libidine,

202 3474 413 3516 luxuria.»
439 3496 482 3504 —
507 3474 645 3526 culpa]
679 3475 886 3526 «segnitia
918 3477 960 3515 et
992 3486 1073 3516 ne-

1139 1417 1387 1469 gligentia.»
1425 1441 1467 1446 -
1497 1417 1686 1470 veneror]
1724 1418 1856 1458 «deos
1878 1428 2018 1457 vene-

1138 1492 1240 1520 rans
1281 1480 1336 1520 ab
1380 1481 1428 1520 iis
1470 1491 1672 1531 precor.»
1740 1479 1826 1519 Csr.
1865 1480 2012 1520 Carm.

1137 1545 1233 1582 Sec.
1266 1542 1333 1583 49.
1382 1543 1469 1582 Sat.
1502 1543 1546 1591 2,
1589 1543 1633 1590 2,
1678 1541 1771 1582 424.
1825 1542 2014 1582 Caecina

1137 1605 1255 1656 apud
1289 1605 1377 1645 Cic.
1403 1605 1458 1644 ad
1491 1606 1608 1644 Fam.
1634 1606 1680 1653 6,
1714 1605 1759 1643 7:
1794 1604 1864 1653 qui
1884 1603 2018 1642 multa

1136 1668 1231 1706 deos
1249 1668 1436 1706 venerati
1464 1668 1558 1706 sint.
1584 1689 1630 1695 —
1656 1667 1885 1716 denormat]
1917 1666 2018 1706 «de-

1138 1740 1365 1778 normem,
1400 1728 1681 1780 inaequalem
1704 1729 1869 1777 reddit,
1903 1729 2016 1769 adeo

1137 1795 1184 1832 ut
1232 1795 1385 1831 contra
1434 1793 1789 1843 agrimensorum
1838 1791 2015 1842 regulas

1137 1855 1380 1905 quadratus
1403 1866 1489 1894 non
1513 1855 1608 1894 sit.»
1643 1854 1829 1894 Codices
1851 1853 2018 1906 aliquot

1137 1918 1275 1958 verbo
1306 1918 1519 1958 rarissimi
1551 1928 1657 1958 usus
1690 1917 2018 1958 substituerunt

1138 1980 1275 2021 Gloss.
1313 1981 1539 2031 deformat,
1588 1981 1635 2019 ut
1679 1980 1847 2019 vitruv.
1886 1979 1932 2028 9,
1972 1981 2012 2019 2.

1138 2042 1244 2083 dixit
1287 2043 1522 2093 deformare
1568 2053 1775 2081 normam.
1835 2062 1879 2069 -—
1929 2041 2017 2091 fors

1137 2105 1258 2157 quae]
1295 2105 1534 2145 Construe:
1579 2105 1610 2144 O
1639 2105 1673 2143 si
1704 2115 1811 2154 quae
1842 2102 2014 2154 (aliqua)

1133 2169 1221 2219 fors
1241 2171 1324 2208 cet.
1377 2167 1573 2208 Alteram
1600 2166 1838 2207 lectionem
1869 2167 2015 2206 minus

1137 2234 1308 2271 rectam
1339 2234 1424 2279 qua
1445 2229 1722 2282 explicabant
1752 2228 1821 2269 vel
1845 2228 2012 2280 «aliqua

1139 2294 1330 2332 ratione»
1361 2291 1431 2332 vel
1471 2291 1641 2342 «aliqua
1682 2292 1723 2331 in
1762 2293 1930 2342 parte.»
1967 2313 2010 2319 -

1136 2353 1431 2405 mercenarius]
1465 2355 1587 2394 Conl'.
1619 2355 1706 2392 Sat.
1739 2354 1787 2399 2,
1821 2354 1869 2401 2,
1911 2353 2010 2391 445;

1135 2419 1285 2468 fortem
1312 2417 1496 2456 mercede
1517 2416 1720 2455 colonum.
1772 2414 1918 2454 Verba
1941 2425 2016 2453 au-

1139 2483 1229 2520 tem
1249 2481 1330 2527 illi,
1363 2502 1408 2508 -—
1429 2480 1498 2529 qui
1524 2479 1808 2518 mercenarius
1829 2479 1914 2517 cet.
1938 2487 2015 2528 po-

1139 2544 1217 2583 sita
1241 2545 1341 2582 sunt
1363 2553 1441 2593 pro
1467 2541 1526 2580 illi
1548 2541 1809 2580 mercenario
1834 2540 1903 2589 qui
1924 2541 2009 2579 cet.

1139 2605 1298 2646 eadem
1329 2605 1616 2651 attractione,
1650 2614 1735 2654 qua
1767 2604 1855 2641 Sat.
1881 2602 1926 2649 2,
1960 2602 2007 2649 2,

1136 2668 1201 2708 59.
1227 2667 1352 2708 Cuius
1371 2667 1539 2706 odorem
1559 2666 1635 2706 olei
1656 2666 1740 2705 cet.
1759 2675 1840 2716 pro
1861 2663 2010 2713 oleum,

1135 2731 1252 2770 cuius
1280 2730 1448 2769 odorem
1476 2730 1561 2768 cet.

1193 2791 1336 2832 43-45.
1383 2791 1493 2830 dives
1533 2791 1668 2830 amico
1704 2786 1890 2838 Hercule]
1934 2787 2011 2829 «Ut

1136 2854 1378 2895 Mercurius
1416 2852 1582 2905 apertis
1619 2851 1753 2891 lucris
1790 2852 1834 2890 et
1873 2860 2012 2900 nego-

1136 2916 1301 2956 tiationi
1322 2916 1552 2967 praeerat,
1575 2914 1637 2954 sic
1655 2910 1867 2953 Hercules
1884 2922 2012 2963 oper-

1135 2980 1188 3020 tis
1218 2978 1351 3018 lucris
1382 2978 1474 3018 sive
1507 2976 1739 3017 thesauris.
1799 2975 1908 3014 Sunt
1937 2973 2011 3023 qui

1137 3041 1330 3082 eundem
1369 3038 1582 3080 incubum
1621 3048 1703 3078 seu
1741 3035 2009 3076 incubonem

1136 3115 1235 3145 esse
1265 3102 1402 3143 velint
1433 3102 1489 3154 (id
1529 3102 1618 3150 est,
1664 3098 1871 3151 δαίμονα
1911 3097 2011 3137 the-

1135 3167 1277 3207 sauris
1303 3163 1423 3205 velut
1448 3162 1794 3211 incubantem).»
1853 3160 2005 3199 Senoi..

1135 3231 1257 3269 Pers.
1280 3229 1321 3277 2,
1354 3228 1428 3267 4οῑ
1470 3227 1501 3266 O
1530 3226 1565 3265 si
1594 3224 1678 3265 Sub
1707 3227 1846 3263 rastro
1875 3224 2010 3270 crepet

1135 3291 1300 3342 arqenti
1328 3290 1428 3329 mihi
1455 3288 1588 3335 seria,
1636 3288 1784 3326 dextro
1811 3282 2007 3324 Hercule!

1138 3376 1183 3381 —
1207 3353 1316 3402 quod
1335 3351 1461 3401 adest]
1483 3346 1538 3390 τὸ
1560 3344 1734 3405 παρόν,
1769 3354 2007 3397 «praesens

1134 3414 1327 3461 fortuna;
1361 3423 1475 3464 quae
1497 3422 1614 3452 nunc
1643 3407 1894 3460 possideo.»
1941 3403 2004 3444 Cf.

1134 3476 1211 3516 Od.
1237 3475 1283 3525 3,
1315 3475 1390 3524 2-9,
1424 3475 1488 3515 32.
1517 3497 1560 3502 -
1584 3475 1755 3523 gratum
1773 3467 1901 3519 iuvat]
1926 3467 2007 3507 «ita
