2231 3787
869 260 964 299 LIB.
1000 260 1048 298 11.
1112 260 1275 299 EPIST.
1310 261 1339 298 1.

1919 255 2019 308 617

263 387 495 459 Pupillo;
536 389 662 442 x·ivit
701 389 909 461 siliquis
949 397 1001 443 et
1040 408 1179 461 pane
1220 390 1489 453 secundo,

260 490 473 544 Militiae
514 509 843 563 quamquam
881 493 1036 563 piger
1073 500 1125 545 et
1162 492 1358 556 malus,
1400 491 1542 546 utilis
1584 493 1730 555 urbi,

259 593 311 646 Si
353 593 450 646 das
489 593 613 656 hoc,
655 594 836 664 parvis
877 612 1096 666 quoque
1138 594 1301 648 rebus
1341 612 1534 667 magna
1573 595 1758 648 iuvari.

1916 595 2018 650 1125

260 696 335 748 Os
375 703 621 748 tenerum
659 695 815 767 pueri
854 695 1184 768 balbumque
1224 704 1384 768 poeta
1425 697 1643 770 figurat,

257 799 492 868 Torquet
530 797 597 851 ab
638 797 926 852 obscoenis
968 800 1072 852 iam
1111 817 1253 853 nunc
1292 801 1633 855 sermonibus
1661 818 1869 863 aurem,

257 900 377 952 Mox
416 900 572 953 etiam
614 908 804 970 pectus
843 902 1151 972 praeceptis
1190 902 1381 956 format
1420 904 1628 967 amiciS‚

256 1002 570 1073 Asperitatis
610 1011 662 1056 et
700 1003 931 1057 invidiae
972 1013 1246 1058 corrector
1285 1014 1335 1058 et
1376 1006 1516 1069 irae3

239 1202 400 1249 izwari,
435 1202 488 1240 Os
517 1201 712 1241 distinxit
744 1203 840 1241 Fea.
879 1223 923 1230 ·—
961 1204 1053 1243 1328.
1091 1204 1237 1253 firmat
1272 1205 1494 1254 Doeringii
1536 1206 1745 1256 suspicio.
1783 1229 1827 1233 —
1863 1207 1956 1245 4⁶29.

238 1267 455 1313 correptor
477 1275 520 1315 p,
557 1264 663 1303 Cod.
690 1265 876 1316 Franeq.
901 1263 1062 1315 aliique
1086 1266 1205 1317 apud
1226 1267 1373 1306 Feam.
1410 1267 1473 1316 (Ut
1493 1278 1588 1308 nos,
1622 1267 1767 1316 bSEc‚
1802 1279 1959 1308 omnes

240 1327 431 1367 Pottierii
463 1329 507 1367 et
537 1327 778 1377 Schmidii.)

184 1502 377 1549 sti-emo,
412 1500 492 1540 sed
517 1500 886 1552 dispensatorio.»
923 1503 1063 1542 Conui.

185 1564 315 1608 CRUQ.
380 1564 548 1603 Dicitur
601 1565 735 1604 etiam
779 1565 1064 1613 secundarius,

182 1626 381 1665 cibarius.
423 1651 466 1656 —
514 1628 725 1667 Ceterum
762 1638 804 1666 Y.
842 1627 934 1666 ⁴23.
978 1638 1067 1666 non

183 1688 399 1739 Significat
456 1692 636 1740 poetam
685 1688 962 1738 famelicum,
1020 1691 1067 1728 ut

183 1751 379 1792 nonnulli
409 1751 581 1802 volunt,
626 1752 705 1793 sed
738 1751 1066 1804 simplicissimo

181 1815 300 1854 victu
332 1816 607 1854 contentum.
645 1838 689 1842 —-
721 1815 912 1864 Militiae]
955 1814 1068 1854 dati—

181 1889 264 1918 vus
294 1889 374 1929 pro
415 1878 574 1930 «piger
604 1877 660 1917 ad
691 1877 919 1924 militiam;
963 1878 1065 1916 Tac.

181 1942 293 1980 Ann.
318 1940 358 1989 3,
383 1940 458 1980 48:
491 1940 670 1991 impiger
698 1940 876 1979 militiae
900 1944 936 1980 et
958 1941 1070 1979 acri-

183 2002 255 2041 bus
290 2003 544 2041 ministeriis.
593 2003 721 2042 bonus
761 2005 911 2043 autem
942 2002 1071 2042 alicui

181 2065 244 2104 rei
275 2076 378 2104 cum
408 2065 656 2105 rectissime
689 2065 881 2114 dicatur,
915 2065 1069 2116 quidni

183 2126 301 2178 apud
330 2128 511 2178 poetam
542 2128 675 2166 etiam
704 2129 862 2177 malus,
909 2139 1069 2179 parum

183 2189 406 2229 idoneus?
463 2188 666 2240 Sophocl.
707 2189 888 2230 Philoct.
932 2190 1066 2230 4306:

183 2246 555 2302 xazoi·g⁰'()vvag
587 2248 706 2309 πρὸς
741 2250 941 2305 αἰχμήν.
988 2251 1069 2292 Alii

182 2315 357 2355 militiae
387 2314 557 2354 habent
587 2326 668 2366 pro
700 2316 914 2366 genitivo,
949 2316 997 2354 ut
1025 2316 1067 2355 in

184 2376 255 2418 illo
287 2378 397 2416 domi
417 2377 694 2427 militiaeque,
728 2378 809 2418 sed
830 2390 870 2417 v.
893 2379 1070 2418 militiae

102 2442 103 2446 ’
184 2440 251 2479 vix
279 2440 501 2491 reperitur
522 2438 725 2480 absolute
747 2442 840 2480 sine
864 2442 1068 2493 opposito

184 2504 295 2542 domi
326 2503 410 2542 cet.
450 2513 558 2553 pro:
592 2503 635 2541 in
664 2504 829 2543 militia.
860 2527 901 2532 —
927 2505 974 2543 Si
994 2505 1071 2543 das

182 2564 270 2616 hoe]
312 2565 386 2603 «Si
418 2564 628 2604 concedis
660 2565 728 2604 his
760 2566 920 2616 quietis
952 2577 1068 2617 quo-

186 2639 271 2678 que
302 2626 564 2674 virtutibus,
608 2628 694 2667 fide
725 2639 776 2667 ac
808 2631 1067 2680 temperan-

183 2691 266 2739 tia,
301 2701 397 2729 rem
428 2690 653 2742 publicam
682 2690 896 2744 legesque
927 2692 1067 2733 stabi—

184 2750 293 2792 liri.»
328 2752 450 2792 Conf.
478 2754 566 2793 Sat.
593 2755 636 2803 tl,
671 2753 719 2803 4,
755 2754 821 2794 39.
858 2756 902 2803 4,
929 2755 999 2803 210,
1024 2756 1063 2795 5.

184 2814 229 2863 Ξ,
254 2815 301 2863 2,
326 2814 392 2855 94.
427 2815 517 2855 Cic.
541 2817 668 2856 Tusc.
696 2818 710 2856 4
733 2849 741 2866 ,
768 2818 833 2867 Μ,
858 2818 925 2857 25
972 2816 1067 2857 Noli

184 2887 292 2916 vero
324 2888 428 2917 cum
472 2879 556 2917 Fea
586 2879 706 2919 hunc
735 2891 776 2919 v.
810 2879 978 2920 referre
1010 2880 1067 2919 ad

186 2940 447 2990 sequentia,
507 2952 620 2992 quae
666 2953 803 2994 parva
848 2943 934 2983 dici
977 2954 1067 2983 non

186 3002 403 3053 poterant.

242 3125 443 3166 :tac-1¹34.
484 3128 659 3178 siqui-at]
693 3128 878 3169 «format
906 3142 1068 3182 puero-

186 3199 285 3228 rum
318 3199 450 3238 ora,»
482 3191 530 3228 ut
559 3190 619 3229 ait
640 3190 814 3237 Quintil.
842 3192 908 3241 44,
933 3192 972 3242 3,
997 3193 1062 3232 34.

188 3253 231 3290 et
256 3247 312 3290 τὸ
334 3248 494 3304 στόμα
515 3248 736 3291 πλάττειν
757 3251 877 3292 Plato
900 3254 1063 3305 Cratyl.

186 3323 230 3363 p.
254 3312 348 3353 4114.
370 3314 419 3353 D.
440 3326 447 3362 3
483 3313 736 3354 ediscendis
764 3315 883 3354 enim
911 3318 1067 3366 poeta—

187 3385 287 3414 rum
330 3374 438 3416 locis
484 3377 528 3415 et
571 3378 778 3416 accurate
829 3377 1067 3418 recitandis

187 3439 544 3492 γραμματισταὶ
573 3439 617 3478 id
639 3438 922 3490 spectabant,
956 3440 1067 3478 utin

189 3499 340 3540 tenera
385 3501 471 3541 iam
517 3502 659 3542 aetate
693 3503 811 3542 esset
842 3501 1068 3542 absoluti-us

1131 1513 1175 1541 os
1205 1506 1243 1541 et
1262 1503 1499 1552 expressior
1518 1514 1673 1553 sermo,
1710 1503 1883 1552 Quintil.
1911 1506 1946 1553 ¹1,
1974 1507 2012 1553 21,

1131 1563 1215 1613 37.,
1252 1564 1292 1603 id
1326 1567 1414 1614 est,
1452 1567 1524 1605 «ut
1546 1566 1751 1606 distincta
1774 1569 1906 1618 atque
1930 1565 2017 1607 ele-

1131 1627 1247 1676 ganti
1279 1628 1636 1678 pronuntiatione
1659 1631 1865 1668 accurate
1888 1629 2016 1668 effer-

1130 1690 1198 1728 ret
1228 1689 1364 1728 Latini
1395 1691 1616 1730 sermonis
1640 1690 1809 1742 singula
1829 1691 2012 1731 verba.»

1135 1774 1178 1778 —
1216 1751 1391 1800 Torquet
1431 1752 1534 1803 cet]
1583 1754 1661 1792 «Et
1704 1764 1806 1792 cum
1848 1758 2016 1794 mature

1132 1815 1395 1853 assuescant
1424 1816 1548 1866 pueri
1582 1815 1638 1855 ad
1668 1818 1901 1867 poetarum
1933 1828 2015 1857 no-

1129 1875 1266 1915 bilem
1298 1875 1638 1929 elegantemque
1659 1890 1931 1929 sermonem‚
1961 1892 2013 1919 eo

1131 1937 1299 1978 facilius
1345 1939 1570 1980 abstinere
1602 1952 1649 1981 se
1682 1953 1706 1980 a
1735 1941 1887 1982 verbis
1917 1942 2015 1994 ple-

1131 2002 1244 2042 beiis
1276 2005 1319 2042 et
1348 2003 1537 2044 inficetis
1565 2007 1776 2057 omnique
1799 2008 2016 2047 aeschro-

1130 2064 1243 2115 logia
1276 2066 1494 2107 discunt.»
1530 2091 1574 2095 —
1608 2068 1693 2108 iam
1721 2070 1844 2121 nunc]
1879 2071 2013 2110 «inde

1132 2138 1155 2166 a
1179 2129 1332 2167 tenera
1354 2130 1542 2168 aetate.»
1578 2130 1641 2169 Cf.
1662 2131 1741 2170 Od.
1762 2131 1800 2180 3,
1821 2133 1859 2181 6,
1879 2132 1945 2172 23.
1966 2157 2011 2161 —

1129 2190 1235 2228 Mox
1264 2191 1404 2242 etiam]
1450 2192 1651 2231 «Deinde
1695 2204 1796 2233 cum
1826 2206 2015 2246 progre-

1133 2250 1281 2291 diente
1313 2254 1457 2292 aetate
1480 2252 1792 2296 adolescentes
1813 2257 1902 2296 iam
1924 2257 2016 2297 ido-

1132 2314 1203 2353 nei
1249 2315 1359 2354 fiunt
1404 2316 1460 2355 ad
1496 2319 1736 2369 praecepta
1767 2320 1940 2360 virtutis
1972 2322 2015 2361 et

1132 2377 1375 2428 sapientiae
1396 2377 1680 2429 intelligenda
1697 2392 1748 2421 ac
1765 2382 2011 2432 retinenda,

1131 2439 1233 2479 talia
1264 2441 1314 2480 iis
1345 2441 1564 2492 praebent
1593 2443 1772 2493 poetae,
1815 2447 1858 2484 et
1886 2449 2015 2496 gyrata

1131 2503 1335 2553 quidem,
1361 2504 1503 2543 amica
1527 2506 1570 2544 et
1590 2504 1834 2557 benevola,
1867 2509 2013 2549 minus

1131 2565 1242 2604 dura
1263 2568 1396 2617 atque
1419 2577 1602 2618 aspera,
1637 2579 1773 2619 quam
1793 2572 1896 2610 sunt
1916 2570 2013 2622 ple-

1129 2638 1268 2679 raque
1311 2627 1723 2680 philosophorum.»
1775 2631 2014 2684 («Compo-

1130 2693 1295 2730 nuntur
1323 2690 1462 2731 verba
1485 2703 1587 2730 mom
1607 2693 1752 2743 etiam,
1786 2696 1858 2744 ut,
1892 2697 2013 2747 quod

1130 2754 1336 2802 accedat,
1378 2754 1694 2804 significetur.»
1734 2758 1854 2797 HAND
1884 2761 2010 2801 Turs.

1130 2819 1180 2856 ΙΙ.
1200 2829 1243 2868 p.
1263 2816 1374 2867 554.)
1393 2841 1437 2844 —
1457 2820 1694 2868 praeceptis
1707 2820 1878 2873 format]
1899 2823 2013 2864 Doe-

1129 2880 1255 2930 ringii
1295 2890 1416 2930 susp.
1446 2881 1591 2931 firmat
1620 2893 1763 2932 aeque
1799 2894 2013 2936 superva—

1131 2953 1267 2982 canea
1300 2943 1368 2981 est
1387 2952 1437 2981 ac
1458 2941 1588 2982 lect10
1613 2945 1743 2984 unius
1765 2946 1877 2986 Feae
1901 2947 2009 2987 Cod.

1130 3006 1249 3045 dictis
1278 3005 1479 3055 informat
1509 3006 1742 3047 manifesto
1775 3019 1827 3047 ex
1848 3008 2014 3059 glosse-

1129 3070 1248 3108 mate
1261 3068 1372 3107 orta.
1387 3091 1430 3095 —
1441 3069 1664 3120 corrector]
1683 3068 1763 3110 Alii
1779 3075 2009 3122 correptor,

1131 3131 1496 3182 «reprehensor»
1517 3131 1604 3173 Sed
1619 3130 1725 3171 illud
1740 3133 1886 3184 potius
1900 3144 2011 3185 opus

1130 3194 1210 3241 est,
1229 3194 1278 3231 ut
1295 3193 1540 3244 corrigatur
1555 3195 1785 3245 asperitas,
1804 3193 1848 3234 id
1866 3197 1947 3243 est,
1966 3195 2010 3233 in

1128 3255 1450 3295 humanitatem
1480 3257 1612 3307 atque
1641 3257 1895 3296 comitatem
1915 3267 2010 3295 mu-

1131 3318 1274 3365 tetur,
1309 3328 1443 3368 quam
1472 3320 1521 3357 ut
1549 3319 1809 3368 corripiatur
1838 3317 2009 3357 dumta-

1128 3380 1215 3418 xat.
1256 3379 1397 3418 Etiam
1429 3390 1498 3430 ap.
1532 3380 1746 3419 Senecam
1780 3378 1834 3418 de
1866 3380 1934 3417 Ira
1966 3379 2005 3427 Ξ,

1131 3441 1196 3490 40,
1232 3440 1269 3481 4.
1306 3443 1349 3480 et
1378 3441 1421 3491 3,
1447 3441 1521 3490 37,
1549 3442 1586 3480 sl.
1620 3452 1701 3492 pro
1730 3444 2010 3490 correptorem

1130 3513 1247 3542 nunc
1270 3514 1371 3542 cum
1394 3503 1570 3554 optimis
1594 3501 1716 3542 libris
1738 3501 1894 3554 legitur
1913 3514 2009 3542 eor-
