2231 3787
839 256 935 296 LlB.
972 257 1018 295 ll.

226 385 580 457 Libertasque
622 394 962 440 recurrentes
1003 395 1224 457 accepta
1264 404 1361 457 per
1400 405 1566 440 annos

227 489 375 541 Lusit
414 487 736 546 amabiliter,
779 489 953 542 donec
993 488 1096 541 iam
1137 505 1332 541 saevus
1372 498 1612 561 apertam

225 591 281 641 In
322 589 528 642 rabiem
568 590 745 660 coepit
785 591 915 644 verti
958 592 1106 644 iocus
1147 599 1199 644 et
1236 608 1335 661 per
1373 590 1625 644 honestas

226 692 307 745 Ire
349 690 540 744 domos
582 692 798 762 impune
840 692 1032 745 minax.

263 855 356 896 449.
403 857 509 896 cerii
552 857 684 906 coepit
733 868 803 908 cp,
838 858 901 896 Lt.

206 917 452 968 Bentleius,
487 920 675 970 omnes.)

153 1069 315 1107 quoque
356 1058 538 1098 silcestre
577 1063 633 1098 est
662 1060 789 1099 trium
817 1060 1031 1110 foliorum,

151 1122 249 1161 Divi
292 1122 387 1160 Iulii
426 1123 682 1162 carminibus
711 1124 941 1173 praecipue
970 1122 1034 1161 io-

151 1184 288 1233 cisque
318 1184 570 1224 miiilaribus
599 1185 874 1233 celebratum,¹
910 1186 1036 1224 aller-

151 1247 215 1285 nis
245 1247 398 1297 quippe
426 1248 609 1286 versibus
638 1248 947 1298 eoeprobravere
967 1248 1034 1286 la-

144 1321 285 1359 psana
314 1321 355 1349 se
382 1311 536 1349 frixisse
565 1312 678 1360 apud
702 1311 1030 1360 Dyrrhachium,

145 1373 434 1422 praemiormn
472 1375 784 1423 parcimoniam
827 1374 1035 1412 cavillan-

150 1439 221 1474 tes.
250 1458 293 1462 —
317 1435 543 1485 opprobria
573 1436 743 1487 rustica]
775 1436 861 1476 Cfr.
887 1436 1034 1475 omni-

151 1509 206 1537 no
238 1498 293 1537 ad
325 1500 412 1538 Sat.
440 1499 477 1546 1,
502 1499 540 1547 7,
565 1499 617 1538 ⁶29
639 1510 739 1550 sqq.

208 1559 406 1599 44-7-1150.
455 1562 726 1613 recurrentes]
770 1560 1031 1612 «quotannis

151 1622 310 1662 eodem
330 1625 490 1663 messis
510 1624 712 1675 tempore
729 1625 1029 1663 revertente.»

153 1707 197 1711 —-
231 1684 416 1735 accepta]
449 1697 536 1725 non
569 1688 823 1737 «recepta,»
856 1685 935 1725 sed
957 1696 1034 1737 po-

149 1745 233 1786 tius
257 1747 575 1797 «willltommen,
607 1750 727 1798 grata
751 1759 932 1799 semper
953 1750 1033 1787 Ro-

149 1808 306 1856 manis,
331 1809 509 1859 quando
530 1811 696 1849 condita
711 1815 805 1860 post
819 1811 1032 1861 frumenta

148 1869 374 1911 ludebat.»
409 1894 455 1900 —
488 1873 603 1911 Lusii
633 1873 890 1924 amabiliter]
935 1873 1032 1911 «io-

150 1935 247 1972 cata
275 1935 341 1973 est
363 1934 458 1974 sine
482 1935 745 1986 cuiusquam
769 1936 1028 1983 offensione,

150 1996 336 2035 comiter
379 2008 430 2036 ac
474 1997 640 2045 facete,
690 2009 772 2037 nec
811 1996 896 2037 ulla
928 1997 1030 2037 inde

151 2058 242 2096 rixa
274 2057 545 2097 oriebatur.»
575 2083 617 2086 —
650 2060 693 2098 In
728 2060 900 2111 rabiem]
936 2061 1033 2098 «io-

150 2130 228 2159 cus
260 2122 388 2159 antea
420 2121 633 2161 innocens
661 2122 702 2161 in
725 2122 897 2161 rabiem
919 2122 1032 2161 verti

151 2182 318 2234 coepit,
365 2183 478 2222 adeo
520 2185 565 2222 ut
604 2195 750 2223 saevus
788 2184 940 2233 fieret,
988 2184 1033 2223 id

151 2247 242 2294 est,
273 2247 425 2286 irrisos
447 2247 741 2285 vehementer
760 2246 960 2286 laederet
981 2258 1031 2285 ac

151 2307 422 2348 morderet.»
470 2308 532 2348 Cf.
565 2311 613 2348 Α.
649 2311 694 2348 Ρ.
725 2309 797 2348 79:
841 2309 1032 2348 Archilo-

149 2371 270 2410 chum
295 2371 470 2421 proprio
501 2371 670 2411 rabies
705 2373 889 2411 armarit
922 2373 1032 2412 iam—

151 2433 213 2474 bo.
242 2457 286 2461 —-
317 2435 396 2484 Ire]
431 2435 706 2486 «impetuose
737 2437 1028 2485 grassari.»—

101 2489 104 2492 ’
150 2498 317 2547 impu-ne
354 2497 530 2546 minam]
593 2514 610 2533 «
632 2496 748 2536 nulla
790 2499 1032 2538 etiamtunc

151 2559 298 2611 poena
341 2558 521 2600 famosis
563 2561 835 2602 carminibus
867 2562 1034 2601 consti-

152 2622 286 2662 tuta.»
321 2622 506 2661 Omnino
528 2623 787 2664 meminisse
811 2625 1032 2665 debemus

154 2685 382 2724 Horatium
412 2684 454 2723 h.
479 2682 505 2723 1.
530 2683 659 2724 nobis
689 2686 867 2726 tradere
899 2688 1035 2727 histo-

153 2747 264 2787 riam
306 2746 454 2798 po'e'sis
498 2747 745 2797 Romanae,
791 2750 840 2787 ut
876 2751 934 2789 ita
965 2749 1034 2788 di—

154 2820 276 2859 cam,
301 2810 544 2860 poe'ticam,
572 2809 613 2848 id
637 2812 722 2858 est,
746 2809 897 2859 talem,
922 2822 1034 2862 qua-

153 2871 242 2911 lem
263 2871 356 2921 ipse
378 2870 461 2911 sibi
483 2872 738 2911 coniectura
759 2872 1030 2913 informarat.

153 2933 346 2972 Primam
388 2933 536 2983 poesis
575 2934 780 2973 scenicae
819 2935 1033 2985 originem

155 2996 277 3035 recte
320 2994 473 3044 utique
517 2996 730 3045 repetita
762 2997 1033 3038 carminibus

155 3057 236 3098 illis
266 3056 550 3096 Fescenninis
580 3053 861 3108 ἀμοιβαίοις
892 3071 945 3099 ex
975 3058 1035 3099 la-

156 3120 287 3160 scivis
330 3118 438 3158 iocis
479 3119 523 3157 et
553 3120 761 3159 conviciis
792 3122 1034 3161 constanti-

155 3181 262 3230 bus,
295 3191 487 3232 quorum
517 3191 656 3230 genus
684 3181 862 3233 aliquod
883 3184 1036 3223 etiam-

157 3246 252 3283 tum
296 3244 530 3294 supererat
569 3243 612 3281 in
651 3243 919 3284 carminibus
950 3257 1035 3284 nu-

157 3303 375 3355 ptialibus.
410 3305 646 3343 Praeterea
670 3315 772 3343 cum
793 3305 924 3344 sciret
946 3306 1034 3346 iam

159 3365 396 3406 duodecim
425 3365 598 3405 tabulas
632 3365 832 3416 (Dirksen
860 3377 904 3418 p.
938 3368 1032 3406 507.

161 3428 203 3465 et
240 3428 350 3478 733.)
397 3429 539 3480 capite
591 3428 810 3478 sanxisse,
857 3428 894 3467 si
938 3428 1034 3478 quis

162 3499 341 3529 carmen
364 3490 647 3539 condidisset,
669 3488 789 3540 quod
810 3488 1034 3529 infamiam

1085 257 1245 296 EPIST.
1281 259 1308 296 1.
1881 256 1971 309 621

1110 691 1345 747 Doluere
1386 701 1609 746 cruento
1879 695 1980 749 21:50

956 858 1018 907 (Ut
1062 868 1165 906 nos,
1212 857 1307 897 bSE
1339 860 1383 897 et
1415 858 1625 908 Codices,
1675 871 1787 910 quos
1819 861 1927 901 vidit

1102 1058 1267 1098 faceret
1298 1058 1444 1108 alteri,
1474 1072 1524 1099 ex
1548 1062 1630 1101 hac
1652 1061 1747 1113 lege
1771 1065 1863 1115 ipsa
1888 1065 1981 1105 col-

1099 1118 1232 1170 legit,
1266 1121 1386 1160 10005
1417 1120 1511 1162 11105
1541 1125 1735 1173 primum
1767 1127 1981 1167 innocen—

1099 1185 1166 1222 tes
1184 1182 1395 1233 paulatim
1414 1183 1710 1235 degenerasse
1728 1190 1860 1239 atque
1880 1201 1981 1229 con-

1097 1255 1252 1284 versos
1304 1256 1403 1285 esse
1452 1247 1493 1286 in
1544 1247 1710 1289 famosa
1761 1253 1976 1301 carmina,

1099 1307 1261 1357 quibus
1291 1308 1495 1348 homines
1526 1309 1699 1351 honesti
1730 1324 1780 1352 ac
1808 1314 1979 1355 nobiles

1098 1370 1315 1410 acerrime
1354 1369 1461 1410 laesi
1501 1372 1607 1419 sint3
1657 1373 1712 1412 ob
1746 1386 1881 1424 quam
1913 1377 1980 1416 in-

1096 1430 1373 1471 tolerabilem
1414 1432 1637 1474 licentiam
1668 1437 1755 1476 iam
1788 1438 1979 1478 Decem-

1096 1495 1200 1534 viris
1235 1496 1285 1545 (a.
1318 1507 1360 1534 u.
1396 1506 1433 1535 c.
1459 1496 1570 1546 303.)
1602 1500 1746 1538 visum
1779 1512 1878 1541 esse
1911 1502 1979 1540 fu—

1098 1558 1250 1596 stuarii
1281 1569 1474 1608 poenam
1507 1561 1775 1602 constituere
1809 1564 1848 1603 in
1882 1576 1975 1612 eos,

1098 1618 1172 1669 qui
1203 1620 1323 1658 cives
1356 1620 1658 1662 infamassent.
1725 1624 1977 1673 (Primarius

1099 1683 1167 1721 est
1205 1682 1431 1722 Ciceronis
1470 1682 1592 1724 locus
1631 1685 1685 1724 de
1718 1688 1822 1738 Rep.
1855 1689 1900 1726 L.
1934 1687 1973 1727 li.

1097 1743 1153 1782 ab
1186 1745 1427 1794 Augustino
1459 1745 1514 1784 (le
1548 1748 1594 1785 C.
1620 1748 1670 1786 D.
1696 1749 1734 1795 ἱ),
1761 1749 1797 1788 9.
1829 1761 1979 1788 serva-

1099 1808 1191 1855 tus,
1226 1817 1326 1846 mea
1358 1809 1401 1847 in
1433 1807 1624 1848 editione
1657 1810 1748 1849 Vol.
1775 1813 1843 1850 lv.
1876 1815 1918 1851 P.
1942 1814 1973 1852 1.

1095 1879 1139 1919 p.
1164 1868 1243 1908 476
1262 1881 1268 1907 :
1299 1870 1478 1910 Nostrae
1498 1875 1646 1911 contra
1669 1873 1882 1912 duodecim
1904 1875 1978 1913 Ta-

1097 1930 1239 1979 bulae,
1274 1942 1368 1970 cum
1386 1943 1626 1982 perpaucas
1645 1946 1709 1974 res
1728 1937 1864 1985 capite
1882 1948 1979 1975 san-

1095 1994 1276 2043 xissent,
1311 1995 1353 2033 in
1381 1996 1442 2034 liis
1471 1996 1579 2035 hanc
1609 2008 1771 2047 quoque
1792 2000 1978 2039 sancien-

1097 2057 1195 2095 dam
1220 2060 1478 2106 pataverunt„
1504 2068 1545 2099 51
1574 2070 1666 2106 QVJS
1700 2070 1978 2102 OCCENTM'JS—

1095 2128 1196 2167 SET,
1243 2119 1326 2158 sive
1355 2131 1526 2159 carmen
1557 2122 1822 2171 condidisset,
1869 2124 1978 2172 quod

1095 2180 1319 2231 infamiam
1356 2181 1513 2232 faceret
1541 2184 1801 2234 flayitiumre
1829 2186 1975 2232 alteri,·

1096 2242 1171 2281 ubi
1191 2243 1298 2283 Cod.
1322 2243 1604 2285 Corbeiensis
1621 2247 1850 2298 antiquiss.
1866 2247 1978 2298 glos-

1096 2315 1143 2344 sa
1176 2305 1218 2344 in
1248 2305 1446 2345 Diibneri
1476 2307 1553 2346 Ed.
1578 2310 1807 2358 Augustini
1838 2311 1973 2350 Paris.

1097 2367 1241 2408 4838:
1293 2369 1553 2409 «Occentare
1587 2373 1653 2410 est
1683 2371 1844 2411 infame
1877 2383 1978 2412 car-

1095 2441 1200 2470 men
1231 2432 1455 2471 nominata
1484 2444 1676 2484 persona
1699 2434 1848 2474 edere.
1896 2436 1977 2474 Oc-

1094 2498 1279 2543 eentare‚
1314 2496 1585 2535 contrarium
1616 2497 1838 2536 canticum
1869 2508 1976 2537 can-

1096 2558 1235 2596 tare.»
1270 2556 1332 2596 Cf.
1352 2558 1480 2597 Tusc.
1500 2557 1539 2605 4,
1559 2558 1598 2605 2,
1621 2557 1658 2598 4.
1693 2559 1803 2598 Iuris
1825 2562 1975 2600 autem

1097 2619 1353 2669 posterioris
1383 2618 1583 2670 regulam
1613 2621 1675 2659 sic
1707 2623 1887 2672 exponit
1912 2622 1976 2663 Ul-

1096 2681 1252 2733 pianus
1285 2682 1350 2719 Fr.
1382 2682 1421 2720 5.
1456 2680 1494 2731 S.
1526 2682 1562 2720 9.
1596 2682 1689 2731 Dig.
1722 2682 1776 2721 de
1809 2684 1975 2724 iniuriis

1098 2746 1142 2782 et
1181 2743 1362 2782 famosis
1399 2742 1585 2782 libellis:
1633 2744 1678 2782 Si
1706 2746 1798 2793 quis
1825 2746 1976 2786 librum

1097 2806 1153 2844 ad
1209 2806 1431 2856 infamiam
1488 2805 1666 2844 alicuius
1700 2808 1976 2856 pertinentem

1094 2868 1330 2918 scripserit,
1363 2868 1658 2917 composuerit,
1682 2869 1876 2920 ediderit,
1900 2872 1976 2912 do-

1096 2932 1185 2971 love
1224 2931 1336 2970 malo
1377 2931 1538 2981 fecerit,
1585 2942 1665 2980 9αο
1705 2933 1805 2980 quid
1832 2944 1977 2972 eorum

1093 2996 1232 3047 fieret,
1265 2994 1428 3033 etiamsi
1457 2994 1630 3033 alterius
1655 2994 1820 3033 nomine
1845 2995 1977 3035 edide-

1097 3057 1154 3096 rit
1181 3057 1245 3096 vel
1273 3057 1359 3095 sine
1387 3057 1551 3096 nomine
1568 3069 1581 3096 .·
1611 3057 1673 3096 uti
1703 3058 1751 3096 de
1770 3069 1820 3096 ea
1839 3069 1885 3096 re
1904 3058 1976 3109 aqi

1097 3119 1237 3158 liceret
1267 3117 1441 3168 (iudicio
1472 3120 1642 3169 privato
1674 3120 1846 3159 actione
1869 3120 1978 3159 iniu-

1098 3182 1265 3221 riarum
1289 3192 1342 3220 ex
1362 3179 1459 3231 lege
1483 3180 1715 3230 Cornelia).
1751 3181 1813 3220 Cf.
1839 3182 1974 3220 Hein-

1099 3243 1200 3283 dorf
1225 3244 1281 3282 ad
1312 3244 1399 3282 Sat.
1425 3245 1470 3291 2,
1498 3245 1511 3281 -1
1534 3275 1541 3291 ,
1566 3244 1632 3282 82.
1680 3245 1864 3292 Insuper
1893 3253 1975 3280 no—

1097 3307 1192 3344 tum
1236 3308 1393 3356 poetae
1441 3308 1562 3350 erat,
1608 3306 1754 3347 etiam
1799 3302 1974 3343 duobus

1098 3369 1197 3416 post
1237 3366 1397 3406 seculis
1439 3367 1694 3416 (11111οΞ550.)
1743 3365 1969 3413 Naevium,

1100 3429 1172 3479 qui
1204 3427 1333 3468 simili
1372 3428 1594 3479 protervia
1632 3428 1672 3464 111
1705 3424 1875 3464 nobiles
1905 3426 1974 3464 in-

1098 3492 1251 3528 vectus
1283 3493 1390 3538 erat,
1425 3488 1478 3527 ab
1505 3489 1572 3527 1115
1595 3486 1706 3526 male
1732 3486 1989 3545 mulcatum‘
