2231 3787
252 183 279 234 sq&

287 183 316 233 μὲν-κ

886 186 1101 226 HORATII
1134 186 1432 227 SATIRARUM

894 573 1247 623 SATIRA
1302 573 1436 622 111.

250 692 514 746 Omnibus
554 692 656 746 hoc
700 692 886 745 vitium
924 700 1007 746 est
1044 692 1381 754 cantoribUS,
1424 692 1560 746 inter
1598 692 1801 747 amicos

249 795 312 849 Ut
348 812 623 866 nunquam
662 794 917 849 inducant
955 795 1190 848 animum
1230 802 1446 849 cantare
1488 795 1685 865 rogati,

249 898 441 950 Iniussi
482 913 757 968 nunquam
797 896 1074 949 desistant.

356 1017 467 1056 SAT.
504 1016 571 1055 Ill.
636 1016 673 1054 l.
708 1019 767 1054 est
797 1025 884 1055 om.
918 1026 961 1066 p.

301 1118 370 1157 111.
404 1117 675 1168 Praecipuus
711 1116 841 1157 huius
877 1117 1037 1157 satirae
1073 1116 1126 1156 fi-

246 1181 312 1219 nis
335 1182 422 1229 est,
457 1182 503 1219 ut
526 1180 777 1220 communis
802 1178 873 1218 illa
894 1179 1127 1219 hominum

245 1242 516 1294 perversitas
549 1242 813 1292 exagitetur,
854 1253 943 1293 qua
974 1243 1126 1282 nostra

245 1303 360 1344 mala
383 1305 458 1343 aut
481 1302 610 1355 plane
635 1304 890 1355 ignoramus
911 1305 987 1343 aut
1008 1314 1129 1344 sum-

245 1378 318 1407 ma
358 1364 628 1417 indulgentia
669 1366 894 1415 fovemus,
942 1367 986 1406 in
1018 1365 1128 1406 alio-

244 1440 346 1469 rum
367 1430 544 1477 contra,
571 1430 615 1468 et
635 1440 855 1480 persaepe
877 1429 1126 1468 amicorum

244 1491 483 1542 imprimis,
526 1492 627 1530 vitia
668 1490 823 1532 sedulo
861 1491 1126 1542 lnquirimus

245 1564 387 1603 eaque
405 1552 695 1594 acerbissima
717 1555 954 1594 severitate
975 1564 1129 1605 repre-

243 1615 497 1655 hendimus.
524 1616 658 1656 Cuius
679 1617 910 1667 pravitatis
934 1627 1036 1656 cum
1055 1627 1129 1655 ex-

244 1678 412 1717 cusatio
429 1677 588 1719 saltem
605 1677 751 1730 aliqua
767 1678 970 1730 depromi
988 1678 1128 1730 possit

244 1752 295 1781 ex
346 1741 598 1781 Stoicorum
646 1742 886 1791 sententia,
941 1740 1126 1781 «omnia

241 1805 429 1855 peccata
447 1803 649 1855 aequalia
666 1814 810 1854 esse»,
834 1805 887 1855 (v.
907 1804 991 1854 76.)
1011 1804 1126 1843 hanc

243 1867 492 1918 impugnat,
540 1868 758 1907 contraria
801 1868 1125 1919 Epicureorum

244 1929 445 1969 doctrina
476 1930 693 1981 opposita.
724 1930 807 1982 (W.
833 1929 1024 1980 98-112.)
1057 1928 1123 1969 Ab

242 1990 314 2031 illo
344 1989 599 2050 παραδόξῳ
621 1992 678 2032 ad
699 1992 817 2033 aliud
838 1991 1043 2032 eiusdem
1064 1991 1127 2032 di-

243 2053 453 2106 sciplinae
486 2055 541 2095 de
577 2055 779 2106 perfecto
811 2056 1011 2107 sapiente
1044 2055 1126 2095 de-

243 2117 482 2157 ridendum
511 2118 692 2168 transit,
736 2119 780 2158 et
816 2117 999 2169 quidem
1029 2118 1123 2158 sine

242 2178 330 2219 ulla
373 2180 418 2219 in
459 2182 603 2221 certas
646 2179 865 2232 quasdam
906 2191 1124 2232 personas

241 2241 494 2292 virulentia,
539 2254 675 2294 quam
711 2254 843 2294 supra
877 2243 1125 2283 damnave-

241 2306 331 2353 rat,
365 2305 424 2344 ita
454 2307 503 2344 ut
524 2304 658 2344 alacri
681 2307 724 2344 et
750 2305 906 2345 festiva
929 2304 1124 2345 clausula

241 2377 390 2406 sermo
421 2367 612 2408 finiatur.
650 2391 694 2395 ——
729 2367 898 2407 Franke
930 2368 975 2407 F.
1000 2368 1051 2407 H.
1075 2378 1119 2419 p.

240 2430 313 2469 89:
362 2430 492 2470 «Post
528 2429 880 2481 praecedentem
911 2430 1123 2481 scriptam

241 2503 341 2533 esse
373 2503 477 2532 cum
505 2493 608 2533 inde
641 2492 849 2541 efficitur,
894 2492 1013 2543 quod
1051 2493 1123 2532 Ti-

240 2553 338 2605 gelli
352 2556 519 2604 pridem
539 2555 720 2606 defuncti
741 2555 906 2594 mentio
929 2555 992 2602 fit,
1024 2556 1120 2594 tum

241 2617 362 2667 quod
390 2619 522 2668 poeta
542 2618 787 2658 Maecenati
811 2617 900 2656 iam
921 2617 1121 2667 cognitus

240 2679 339 2728 fuit,
371 2680 419 2718 ut
448 2680 571 2730 patet
601 2690 624 2718 e
656 2690 696 2718 v.
724 2679 774 2719 63
806 2690 872 2729 sq.
933 2680 1025 2719 Nec
1048 2677 1123 2718 fal-

239 2740 390 2791 limur,
424 2742 600 2793 opinor,
635 2742 671 2781 si
702 2741 901 2793 eclogam
923 2742 1123 2792 proxime

238 2805 339 2855 post
367 2805 417 2843 ΙΙ.
451 2815 535 2844 nec
566 2804 623 2844 ita
643 2803 782 2844 multo
803 2806 905 2856 post
928 2805 1121 2856 primam

240 2877 343 2905 cum
373 2868 630 2907 Maecenate
663 2867 1028 2918 congressionem
1049 2877 1122 2906 ex-

239 2930 409 2968 aratam
436 2940 535 2970 esse
559 2929 792 2970 dicimus.»
842 2929 942 2981 (Cfr.
968 2931 1120 2969 tamen

240 3001 321 3031 nos
351 2991 407 3030 ad
436 3003 477 3030 v.
503 2992 586 3042 63.)
619 3014 636 3019 -
664 3014 683 3020 -
711 3013 729 3020 -
760 2993 877 3032 «Iam
910 3003 1014 3032 cum
1036 2994 1122 3033 Ho-

238 3054 374 3093 ratius
406 3056 481 3093 aut
511 3065 549 3093 a.
584 3054 676 3093 7215.
712 3056 903 3095 exeunte
934 3056 1010 3094 aut
1043 3055 1122 3094 ini-

239 3116 297 3155 tio
329 3118 556 3166 sequentis
587 3119 894 3158 Maecenatem
922 3119 1120 3170 primum

240 3180 521 3228 convenerit,
553 3179 786 3231 probabile
818 3180 888 3230 fit,
929 3181 1119 3220 Satiram

240 3242 307 3281 ΙΙΙ.
360 3240 431 3281 1110
477 3242 651 3281 circiter
699 3244 924 3294 tempore,
983 3244 1025 3282 h.
1076 3254 1114 3282 e.

240 3304 387 3344 hieme
426 3299 527 3344 ann'.
560 3305 654 3344 745.
690 3307 733 3344 et
764 3305 857 3345 7116.
892 3306 1118 3357 composi-

241 3368 331 3405 tam
352 3378 495 3407 esse.»
558 3367 786 3418 (Kirchner
809 3370 998 3408 exeunte
1020 3368 1113 3408 746.

242 3429 314 3467 aut
335 3429 453 3469 initio
476 3431 719 3482 sequentis,
753 3429 921 3471 Weber
946 3431 1053 3471 item
1075 3442 1112 3472 a.

1151 895 1356 949 Sardus
1396 896 1630 950 habebat

1192 1117 1312 1166 746„
1361 1117 1604 1158 Grotefend
1645 1130 1684 1158 a.
1729 1120 1821 1159 7118.
1866 1120 2077 1172 scriptam

1191 1181 1346 1231 putat.)

1248 1244 1338 1282 4-8.
1373 1244 1543 1284 Festive
1566 1245 1688 1286 miris
1711 1243 1875 1296 Tigellii
1897 1245 1966 1296 (de
1989 1256 2077 1297 quo

1191 1316 1233 1345 v,
1282 1307 1409 1346 Satir.
1456 1307 1668 1359 praeced.
1716 1308 1824 1359 init.)
1875 1308 2077 1348 moribus

1192 1370 1325 1420 atque
1347 1369 1644 1410 inconstantia
1665 1369 1761 1420 illa,
1786 1382 1874 1422 qua
1895 1381 2078 1423 semper

1192 1431 1235 1470 in
1257 1430 1434 1472 diversa
1457 1431 1669 1472 aberrare
1692 1431 1887 1483 solebat,
1921 1434 1981 1473 ita
2002 1433 2079 1473 de-

1192 1494 1388 1545 scriptis,
1438 1496 1671 1546 tamquam
1708 1496 1746 1536 si
1785 1496 1841 1536 de
1871 1496 1958 1535 hoc
1987 1507 2077 1536 uno

1191 1557 1294 1596 vitio
1326 1556 1549 1598 disserere
1580 1557 1734 1608 vellet,
1768 1555 1896 1615 παρὰ
1924 1570 2076 1616 προσ-

1190 1616 1359 1660 δοκίαν
1390 1619 1526 1659 alium
1562 1621 1732 1661 inducit
1759 1632 1801 1661 v.
1837 1621 1904 1661 49.
1937 1622 2077 1662 inter-

1190 1684 1444 1733 rogantem:
1494 1683 1602 1733 Quz'd
1631 1683 1708 1723 tu?
1745 1684 1928 1724 Nullane
1954 1684 2078 1725 habes

1188 1744 1328 1785 vitia?
1374 1766 1419 1773 —
1467 1746 1651 1797 Sardus]
1696 1748 1816 1787 Inest
1859 1746 2078 1804 εἰρωνεία

1191 1807 1415 1858 quaedam
1445 1809 1489 1848 in
1518 1809 1603 1848 hac
1633 1809 1803 1860 patriae
1836 1809 1931 1850 eius
1953 1820 2078 1851 men-

1191 1871 1324 1911 tione.
1380 1871 1677 1912 Proverbium
1703 1874 1819 1912 erat:
1854 1873 1983 1913 Sardi
2010 1884 2078 1914 ve-

1188 1933 1324 1981 nales,·
1356 1934 1464 1973 alter
1493 1934 1626 1974 altero
1655 1935 1859 1985 nequior,
1893 1937 1938 1975 et
1966 1937 2077 1976 Por-

1188 1995 1349 2047 phyrio
1366 1997 1560 2036 servavit
1580 1997 1733 2037 Licinii
1749 1996 1870 2038 Calvi
1891 1998 1935 2037 in
1955 1998 2077 2038 hunc

1189 2057 1517 2099 modulatorem
1533 2062 1763 2100 scazonta:
1788 2060 1918 2100 Sardi
1935 2060 2076 2112 Tiyelli

1182 2121 1379 2170 putidum
1417 2126 1543 2172 caput
1586 2122 1719 2171 venit3
1769 2121 1891 2173 quod
1927 2122 2074 2174 ipsum

1186 2183 1519 2233 Hipponactezcm
1534 2185 1811 2234 praeconium
1829 2186 1960 2225 vocat
1977 2185 2068 2225 Cic.

1189 2245 1246 2285 ad
1276 2247 1394 2286 Fam.
1429 2246 1476 2295 7,
1509 2245 1585 2295 ⁶24,
1622 2247 1659 2286 4.
1697 2270 1741 2275 —
1773 2247 1858 2298 Ille]
1899 2249 1949 2287 ut
1979 2248 2068 2287 Sat.

1190 2308 1205 2346 l
1226 2339 1234 2357 ,
1266 2309 1312 2357 2,
1346 2309 1415 2348 55.
1450 2309 1610 2356 «Quasi
1631 2308 1686 2348 de
1708 2311 1814 2349 noto
1836 2309 1943 2349 dixit
1961 2310 2072 2350 ille.»

1189 2370 1341 2410 Senoi..
1379 2394 1424 2398 —
1457 2370 1646 2424 habebat]
1679 2383 1730 2412 er
1765 2372 1906 2412 hatte
1936 2372 2075 2412 diess

1188 2444 1249 2471 an
1277 2433 1406 2482 sich,
1446 2435 1496 2472 ut
1533 2434 1623 2474 Cic.
1657 2433 1765 2474 Phil.
1800 2435 1850 2484 2,
1884 2434 1959 2484 32,
1993 2434 2069 2475 78;

1184 2495 1372 2536 Habebat
1399 2496 1474 2535 hoc
1503 2496 1672 2536 omnino
1703 2496 1873 2536 Caesar.
1903 2519 1947 2527 ψ
1972 2496 2073 2537 Cae-

1184 2557 1272 2609 sar]
1303 2559 1351 2597 In
1382 2558 1449 2597 his
1480 2557 1598 2598 nulla
1619 2559 1845 2599 Octaviani
1869 2559 1985 2599 inest
2003 2570 2072 2600 re-

1185 2620 1450 2671 prehensio,
1492 2621 1540 2660 ut
1574 2621 1697 2661 ratus
1730 2622 1798 2661 est
1827 2632 2067 2662 nonnemo.

1187 2682 1301 2730 Quid
1332 2683 1450 2722 enim
1488 2683 1728 2734 propterea
1759 2684 1882 2736 carpi
1919 2694 2072 2724 mere-

1185 2743 1337 2793 batur,
1387 2745 1423 2785 si
1458 2746 1661 2784 veterem
1697 2746 1835 2797 patris
1875 2745 2071 2798 adoptivi

1185 2808 1380 2846 amicum
1409 2807 1731 2858 patientissime
1759 2807 1979 2848 tractabat
2002 2809 2070 2848 at-

1186 2880 1273 2920 que
1311 2870 1557 2910 morositati
1602 2870 1880 2921 ignoscebat,
1927 2871 2069 2911 artem

1184 2930 1314 2972 simul
1338 2932 1433 2972 eius
1455 2932 1729 2973 admiratus?
1766 2957 1810 2960 —
1843 2933 1889 2973 Si
1911 2937 2071 2984 peteret

1184 2995 1499 3047 —-proficeret]
1548 2995 1615 3034 «Si
1660 2996 1841 3046 quando
1878 2994 1948 3035 illo
1986 3007 2070 3036 no-

1183 3055 1301 3096 lente
1332 3057 1539 3109 petebat,
1574 3057 1679 3097 nihil
1710 3069 1910 3109 unquam
1929 3057 2069 3110 profi-

1185 3119 1375 3159 ciebat.»
1435 3120 1736 3162 Coniunctivis
1768 3123 1972 3172 tempora
1999 3119 2067 3160 lo·-

1185 3193 1326 3233 caque
1359 3182 1549 3233 infinita,
1585 3183 1747 3234 quibus
1777 3182 1884 3223 illud
1913 3182 2063 3232 fiebat,

1184 3244 1501 3296 significantur.
1563 3246 1740 3286 Terent.
1782 3243 1971 3296 Adelph.
2013 3246 2062 3294 4,

1182 3308 1232 3356 2,
1266 3306 1342 3348 24·;
1390 3311 1435 3347 tu
1463 3319 1573 3347 nunc
1603 3308 1675 3348 tibi
1703 3309 1750 3347 Id
1778 3308 1895 3347 laudi
1920 3309 2062 3357 duces,

1183 3370 1291 3419 quod
1321 3373 1407 3409 ιιιηι
1432 3370 1565 3420 fecisti
1584 3369 1761 3421 inopia?
1790 3370 2062 3409 Iniuriumst:

1181 3442 1283 3472 nam
1302 3432 1336 3472 si
1356 3436 1473 3482 esset,
1496 3433 1604 3474 uncle
1630 3434 1769 3484 fieret,
1796 3433 2058 3473 Faceremus.
