2231 3787
7 1219 13 1240 5

918 236 1015 276 Lm.
1051 236 1079 275 1.
1143 237 1254 276 sir.
1289 237 1356 276 ix.
1948 234 2048 286 1149

293 367 432 428 Hoc,
475 366 718 438 inquam,
764 366 889 418 milii
930 366 1052 420 eris,
1112 366 1306 420 Misere
1348 366 1634 420 discedere
1675 384 1973 438 quaerenS,

292 470 374 541 Ire
417 469 577 523 modo
617 469 795 532 ocius,
840 468 1106 522 interdum
1148 469 1469 531 consistere,
1518 469 1569 520 in
1608 486 1795 522 aurem

289 571 482 625 Dicere
524 571 708 625 nescio
748 570 880 643 quid
918 587 1118 642 puerO,

290 674 528 727 Manaret
566 673 716 727 talos.

1164 587 1286 624 cum
1327 570 1495 624 sudor
1536 570 1603 623 ad
1644 570 1780 623 imos
1989 571 2047 624 10

794 674 840 728 Ο
881 681 957 736 te,
1000 672 1228 735 Bolane,
1272 672 1484 726 cerebri

328 809 366 847 9.
402 811 505 849 Post
547 809 664 848 hunc
703 819 884 848 versum
920 807 1069 848 Codex
1102 807 1130 847 d
1171 808 1321 847 deficit
1349 819 1493 859 usque
1525 807 1581 847 ad
1613 808 1700 847 Sat.
1737 808 1810 857 10,
1846 808 1911 848 19.
1950 833 1992 837 -—

275 872 338 911 10.
366 883 515 921 puero.
565 873 751 912 Cmn--
773 872 904 911 talos:
939 872 970 910 O
1003 876 1039 911 te
1069 871 1265 910 distinxit
1292 869 1532 910 Bentleius.
1572 892 1615 897 ——
1652 870 1717 909 11.
1752 870 1912 910 Balane
1947 882 1991 922 p,

270 934 443 974 Bollane
485 934 693 983 Aldinae,
742 936 842 974 LCt.
896 934 1127 985 («Codices
1173 934 1265 974 fere
1306 945 1464 974 omnes
1501 933 1659 973 Bolane
1689 944 1793 974 cum
1822 934 1952 975 unica
1985 934 1998 973 l

274 997 484 1038 habent.»
516 998 687 1049 BENTL.)

217 1100 325 1139 certi
368 1100 534 1140 homini
572 1098 760 1140 molesto
806 1099 1097 1152 promittitur,

215 1163 264 1201 ut
294 1161 384 1202 fere
416 1174 525 1202 nos:
573 1162 677 1201 Sehr
703 1161 942 1201 verbunden
960 1163 971 1199 l
1019 1160 1101 1199 Ob—

215 1225 486 1276 bligyalissimo
505 1227 517 1264 Ι
548 1224 686 1264 Plaut.
712 1226 835 1264 Pers.
861 1225 908 1271 5,
944 1224 987 1274 4,
1023 1222 1097 1264 44:

217 1287 391 1337 Omnia,
426 1298 533 1336 quae
554 1291 599 1326 tu
617 1287 700 1337 vis,
733 1298 785 1326 ea
805 1287 941 1336 cupio.
986 1285 1097 1325 Rud.

214 1349 262 1399 4,
296 1349 343 1400 4,
380 1351 423 1389 l:
458 1361 717 1400 quamquam
744 1349 859 1389 vobis
877 1349 969 1389 volo
992 1360 1101 1399 quae

213 1413 353 1461 voltis,
386 1413 594 1453 mulieres,

269 1476 388 1515 6-13.
434 1477 548 1515 Num
578 1476 679 1524 quid
706 1475 823 1527 visPJ
856 1476 1100 1525 Postquam

214 1540 308 1590 ipse
341 1538 473 1588 satis,
507 1540 556 1578 ut
585 1537 791 1590 putabat,
839 1537 1008 1577 homini
1039 1538 1101 1577 si-

214 1600 443 1652 gnificarat
483 1600 648 1641 nullam
692 1611 877 1652 prorsus
922 1611 971 1640 se
1017 1600 1100 1639 ha—

211 1663 321 1703 bere
353 1675 457 1704 cum
489 1675 542 1704 eo
574 1663 858 1715 colloquendi
890 1674 1095 1712 causam,

213 1724 282 1766 ille
314 1727 466 1767 tamen
488 1727 666 1767 Horatio
688 1726 802 1766 latus
825 1726 944 1777 tegit,
976 1725 1096 1765 unde

212 1788 412 1830 molestia
445 1801 492 1830 se
531 1789 722 1830 liberare
755 1790 940 1840 cupiens
982 1789 1097 1828 comi

211 1852 489 1893 valedicendi
521 1852 707 1893 formula
731 1855 881 1894 utitur.
929 1853 998 1893 Sic
1019 1854 1099 1892 Te-

212 1917 324 1956 rent.
350 1917 459 1956 Eun.
484 1917 532 1965 2,
556 1916 603 1964 3,
628 1916 701 1956 50:
735 1928 862 1968 roqo,
894 1915 1099 1964 numquid

209 1979 320 2019 velit.
380 1981 499 2019 Recte
529 1978 709 2031 («Sch0·n
737 1978 905 2031 φαίη,
945 1978 1093 2029 inquil.

209 2043 331 2083 Abeo.
393 2041 530 2083 Plaut.
562 2042 771 2082 Bacchid.
805 2054 846 2082 v.
871 2042 979 2082 572:
1021 2043 1099 2081 PA-

210 2119 299 2148 ffls.
359 2108 575 2158 Numquid
610 2106 710 2146 vis?
753 2109 916 2147 P1sT01..
967 2105 1099 2146 Abeas

211 2171 411 2211 celeriter.
461 2173 546 2211 Ter
576 2170 790 2222 deinceps
828 2170 940 2209 haec
974 2167 1098 2208 vale-

214 2233 391 2273 dicendi
430 2232 616 2273 formula
663 2232 822 2284 legitur
866 2233 909 2272 in
954 2231 1093 2272 Plaut.

213 2297 344 2336 Curc.
387 2295 434 2344 4,
479 2297 519 2335 2.
564 2298 617 2346 (v.
660 2296 727 2336 30.
770 2296 837 2335 36.
871 2295 972 2346 39.),
1019 2294 1096 2334 ubi

210 2357 512 2410 respondetur
539 2359 650 2398 Bene
670 2358 763 2397 vale
784 2359 827 2397 et
856 2357 954 2396 Vale
973 2360 1097 2406 atque

211 2422 337 2461 salve.
408 2421 530 2461 Conf.
580 2420 707 2461 Hand
757 2421 882 2460 Turs.
929 2419 999 2459 1V.
1047 2429 1091 2470 p.

212 2485 307 2525 320.
331 2483 425 2524 324.
453 2507 497 2513 —-
521 2483 689 2535 occupo]
724 2483 990 2535 «praevenio
1012 2482 1096 2520 ho-

211 2548 381 2587 minem
401 2558 587 2598 rogans,
612 2549 855 2597 antequam
877 2544 945 2584 ille
970 2544 1096 2596 quid-

212 2621 347 2663 quam
394 2612 495 2662 post
540 2610 733 2662 primam
781 2607 1094 2649 salutationem

211 2674 434 2714 dixerat.»
487 2696 530 2701 —
576 2673 703 2713 Noris
745 2671 842 2723 uos]
888 2669 1092 2721 Plerique

210 2737 398 2787 iungunt
445 2746 550 2776 cum
605 2747 678 2776 vv,
728 2733 944 2782 Numquid
996 2730 1095 2771 vis?

212 2799 331 2839 «Hoc
361 2799 512 2850 cupio,
558 2799 606 2838 ut
647 2799 692 2838 in
731 2799 853 2837 tuam
893 2796 1094 2836 notitiam

210 2861 514 2912 perveniam.»
547 2860 635 2900 Sed
666 2871 770 2900 cum
800 2858 870 2898 illa
892 2869 1017 2898 mera
1039 2858 1094 2897 sit

211 2923 423 2972 formula,
475 2923 518 2962 in
562 2933 650 2974 qua
691 2921 928 2963 voluntatis
973 2920 1092 2960 notio

211 2986 283 3025 vix
312 2986 400 3025 iam
429 2985 665 3036 respicitur
705 2984 781 3035 (uti
810 2983 953 3035 probe
977 2982 1094 3022 scie-

212 3049 290 3088 bat
320 3047 453 3088 etiam
488 3045 627 3097 alter),
659 3047 879 3098 praestat,
913 3045 1092 3096 opinor,

213 3111 491 3160 disiungere,
524 3110 573 3148 ut
602 3109 677 3148 sit:
713 3109 817 3149 «Vix
849 3106 976 3148 aliter
997 3107 1094 3147 fieri

211 3174 382 3226 potest,
417 3182 553 3223 quam
583 3172 630 3210 ut
658 3170 737 3210 tibi
765 3171 855 3210 iam
876 3169 1095 3222 aliquate-

212 3249 296 3279 nus
318 3238 447 3277 notus
469 3236 568 3275 sim.
621 3234 715 3285 (Du
743 3235 942 3274 solltesl
969 3234 1095 3274 mich

205 3301 267 3351 J‘a
308 3299 437 3339 wohl
485 3296 721 3348 ken-nen.)
789 3297 901 3335 Nam
952 3296 1094 3337 doctis

215 3373 295 3414 ego
340 3371 520 3413 quoque
564 3359 887 3399 adnumeror.»
931 3380 977 3387 —
1019 3359 1095 3398 Hic

214 3422 567 3477 eqo--inquam]
602 3423 692 3462 Cic.
721 3421 776 3461 de
810 3421 930 3460 Finn.
962 3422 1008 3470 5,
1041 3421 1090 3470 2,

216 3487 263 3527 4:
311 3488 385 3528 Hic
428 3487 563 3537 (Tum)
595 3496 692 3538 eqo,
726 3483 974 3535 Pomponius
1003 3484 1094 3533 qui-

1168 1099 1283 1147 clem,
1331 1099 1534 1148 inquam,
1582 1102 1719 1138 noster
1762 1099 1896 1138 iocari
1934 1099 2052 1139 vide-

1165 1165 1250 1200 tur.
1313 1161 1436 1202 Conf.
1472 1161 1597 1201 Hand
1640 1162 1766 1202 Turs.
1799 1163 1869 1201 ΙΙΙ.
1902 1172 1946 1213 p.
1979 1161 2046 1202 79.

1167 1224 1210 1263 et
1243 1223 1310 1263 82.
1349 1246 1393 1251 —-
1425 1224 1561 1263 Pluris
1598 1222 1704 1274 Hoc]
1735 1223 1832 1263 Vid.
1872 1224 1959 1263 Sat.
1999 1224 2047 1273 ’1,

1167 1285 1182 1324 1
1204 1317 1212 1335 ,
1237 1284 1304 1325 46.
1338 1286 1454 1325 Dum
1475 1285 1740 1337 respondet:
1776 1287 1985 1338 «propter
2005 1285 2049 1325 id

1164 1348 1312 1399 ipsum
1351 1348 1472 1399 quod
1513 1348 1672 1388 doctus
1705 1359 1783 1401 es,
1826 1349 1875 1386 ut
1913 1347 2048 1397 dicis,

1163 1409 1302 1462 pluris
1333 1412 1376 1449 te
1416 1411 1625 1459 faciam,»
1671 1410 1793 1450 vafre
1832 1409 2051 1461 significat

1164 1483 1212 1512 se
1245 1483 1349 1513 eum
1379 1484 1468 1512 non
1500 1473 1582 1513 nisi
1613 1473 1793 1513 nomine
1826 1484 1975 1513 nosse.
2000 1494 2044 1501 —

1161 1536 1326 1586 Misere]
1373 1548 1425 1576 ex
1461 1547 1545 1577 usu
1580 1536 1835 1587 quotidiano
1872 1536 1915 1575 in
1953 1534 2050 1587 ple-

1163 1601 1313 1651 risque
1347 1599 1580 1639 affectibus
1608 1610 1688 1650 pro
1711 1599 2048 1649 «vehementer,

1163 1664 1348 1703 nimium
1387 1664 1646 1714 quantum.»
1690 1662 1760 1701 Sic
1787 1661 1947 1700 dicitur
1966 1661 2050 1700 mi-

1161 1737 1250 1766 sere
1274 1736 1442 1774 amare,
1477 1724 1551 1776 qui
1581 1723 1878 1763 vehementer
1909 1723 2043 1762 amat.

1162 1790 1337 1829 Terent.
1376 1787 1513 1827 Andr.
1552 1786 1596 1836 3,
1633 1787 1683 1835 ⁶3,
1728 1785 1810 1826 40:
1858 1785 2045 1835 Scimus,

1164 1863 1293 1903 quam
1330 1851 1478 1891 misere
1517 1851 1624 1889 hanc
1665 1849 1836 1889 amarit.
1888 1849 2044 1888 Heaut.

1162 1916 1207 1966 4,
1243 1917 1291 1965 1,
1330 1915 1406 1956 36;
1453 1915 1602 1954 misere
1622 1925 1762 1954 omnes
1781 1924 1923 1953 sumus
1942 1913 2048 1953 Reli-

1159 1980 1315 2032 giosae.
1376 1979 1476 2019 Mox
1502 1989 1544 2018 v.
1579 1976 1660 2017 44:
1705 1977 1856 2017 Misere
1894 1975 2046 2025 cupis-

1162 2042 1293 2082 abire.
1331 2065 1375 2069 —
1409 2041 1531 2080 modo
1552 2062 1574 2068 —
1596 2039 1816 2091 interdum]
1841 2037 2048 2078 Similiter

1161 2106 1248 2145 Sat.
1284 2104 1332 2153 4,
1375 2103 1450 2152 10,
1494 2103 1536 2142 llsi
1585 2112 1686 2153 sqq.
1733 2100 1817 2142 sibi
1854 2111 2046 2152 respon—

1161 2169 1269 2208 dent
1296 2167 1601 2216 modo—saepe,
1643 2163 2042 2204 modo—interdum.

1162 2231 1286 2271 Conf.
1329 2228 1458 2270 Hand
1498 2229 1625 2268 Turs.
1665 2229 1734 2267 ΙΙΙ.
1775 2237 1819 2278 p.
1854 2225 1932 2266 647
1974 2235 2042 2276 sq.

1164 2315 1208 2322 —
1233 2295 1278 2333 in
1308 2293 1469 2344 aurem]
1499 2291 1653 2342 «quasi
1674 2289 1827 2330 nescio
1849 2287 1956 2339 quid
1977 2298 2046 2327 se-

1161 2358 1283 2397 creto
1315 2354 1583 2395 mandarem
1628 2351 1902 2403 pediseque,
1955 2360 2044 2399 qua

1159 2419 1318 2459 astutia
1357 2416 1587 2456 hominem
1630 2412 1849 2453 insulsum
1890 2410 2046 2462 abige-

1158 2492 1281 2530 rem,
1323 2478 1538 2520 simulans
1576 2475 1755 2528 aliquod
1791 2474 1899 2514 mihi
1941 2484 2042 2514 esse

1159 2554 1293 2595 grave
1324 2541 1597 2592 negotium.»
1634 2561 1678 2566 ——
1710 2538 1815 2577 Post
1839 2547 1880 2575 v.
1908 2547 2044 2586 puero

1157 2605 1288 2658 plene
1305 2600 1710 2655 interpungendum
1727 2599 1901 2639 censuit
1914 2599 2045 2638 Bent-

1158 2668 1270 2708 leius
1316 2668 1360 2706 et
1403 2664 1632 2714 Reisigius.
1706 2663 1802 2702 Non
1842 2660 2040 2710 acced03

1159 2741 1263 2771 nam
1293 2729 1478 2781 propter
1507 2725 1626 2766 illam
1656 2726 1801 2777 ipsam
1831 2724 2044 2776 despera-

1158 2795 1350 2841 tionem,
1397 2802 1513 2843 quae
1554 2789 1768 2830 sudorem
1809 2788 1849 2827 ei
1893 2787 2044 2839 expri-

1157 2856 1333 2905 mebat,
1366 2851 1678 2895 insusurrahat
1707 2849 1870 2902 aliquid
1901 2851 1946 2889 in
1965 2860 2043 2901 pe-

1158 2919 1331 2970 disequi
1376 2927 1547 2957 aurem.
1600 2938 1644 2945 —
1689 2915 1720 2954 O
1751 2918 1809 2963 te,
1859 2911 2040 2964 Bolaue]

1159 2983 1378 3030 «Utinam,
1426 2990 1583 3020 secum
1613 2978 1691 3028 ait,
1737 2978 1831 3016 tam
1868 2976 2044 3015 insanus

1159 3047 1203 3085 et
1233 3043 1468 3084 cerebrosus
1512 3042 1640 3092 (quae
1670 3051 1742 3080 vv.
1774 3039 1915 3078 iunxit
1950 3039 2041 3077 iam

1158 3106 1380 3157 Lucilius),
1411 3099 1643 3158 μανικός,
1679 3101 1939 3151 Tolllcopf,
1974 3109 2043 3140 es-

1158 3181 1277 3219 sem,
1312 3179 1448 3220 quam
1471 3167 1549 3208 fuit
1576 3163 1789 3205 Bolanus!
1825 3164 1914 3215 (qui
1935 3156 2042 3213 ὀξύ-

1158 3231 1307 3282 χολος
1337 3229 1496 3270 nullius
1522 3228 1712 3279 ineptias
1733 3225 1928 3274 ferebat,
1961 3223 2042 3264 sed

1158 3296 1306 3336 statim
1342 3292 1413 3333 vel
1452 3293 1495 3332 in
1533 3290 1695 3331 faciem
1725 3288 1929 3340 quemvis
1968 3296 2044 3326 re-

1157 3355 1469 3410 prehendebat
1497 3352 1568 3394 vel
1599 3352 1654 3392 de
1687 3362 1740 3391 eo
1768 3349 1873 3401 quid
1903 3347 2043 3388 senti-

1158 3422 1227 3461 ret
1247 3430 1336 3460 non
1358 3415 1632 3459 dissimulate
1664 3411 1858 3454 dicebat.
1897 3411 2038 3451 COMM.

1159 3483 1249 3532 CR.)
1296 3481 1371 3532 qui
1416 3477 1678 3521 iamdudum
1723 3472 2039 3524 exclamasset,
