2231 3787
181 278 281 329 ⁵280

820 280 1028 319 llORATll
1059 281 1355 322 SATIRARUM

256 409 419 463 Caule
459 409 790 465 suburbano,
834 410 923 480 qui
965 410 1120 464 siccis
1160 412 1326 464 crevit
1366 411 1414 461 in
1463 411 1627 480 agriS‚
1916 410 1977 462 l&

251 511 490 564 Dulcior:
534 511 732 581 irriguo
771 511 894 563 nihil
935 521 1015 565 est
1053 512 1246 565 elutius
1283 513 1451 564 horto.

249 613 300 665 Si
342 613 678 683 vespertinus
718 612 893 666 subito
932 622 981 666 te
1023 614 1354 683 oppresserit
1390 613 1614 684 hospes,

248 717 322 768 Ne
361 713 551 780 gallina
592 713 787 766 malum
827 723 1109 784 responset
1145 713 1280 766 dura
1316 713 1517 784 palato,

246 817 444 869 Doctus
485 816 590 868 eris
630 816 802 868 vivam
842 815 1000 867 mixto
1040 831 1278 868 mersare
1318 815 1569 880 Falern03

245 918 358 970 Hoc
396 927 635 969 teneram
675 916 842 969 saciet.
919 916 1261 970 pratensibus
1301 917 1499 987 optima
1537 917 1709 988 fungis
1911 922 1978 973 20

289 1068 345 1106 ¹5.
390 1053 718 1113 Colel>80‚1,Ct.
769 1089 812 1092 —
856 1066 972 1104 siccis
1009 1067 1079 1116 qui
1109 1078 1153 1114 c,
1200 1069 1248 1106 ut
1275 1066 1452 1108 volebat
1483 1069 1838 1120 Cuninghamius.
1876 1093 1920 1098 —

233 1129 291 1166 17.
319 1129 516 1177 presserit
547 1139 583 1167 c.
625 1150 670 1155 —
703 1128 836 1167 mia-to
867 1127 951 1167 bSc
983 1130 1026 1167 et
1060 1140 1216 1169 omnes
1246 1131 1474 1172 Pottierii:x
1501 1132 1621 1171 misto
1652 1133 1758 1182 LCt,
1789 1137 1923 1172 musto

228 1191 363 1230 Editio
394 1190 634 1242 Witebcrg.
670 1191 785 1243 13pis
815 1192 868 1231 M.
903 1191 992 1231 loli.
1028 1192 1228 1232 Cratonis
1258 1204 1296 1232 a.
1333 1193 1478 1241 4598,
1520 1192 1741 1234 Bentleius
1772 1196 1923 1234 conie-

226 1325 288 1362 15.
320 1324 379 1362 16.
425 1324 562 1375 Caute]
602 1324 843 1363 broccoli.
905 1325 1038 1363 Nota-
1101 1325 1305 1373 maxime,
1338 1337 1387 1365 ne
1413 1326 1455 1364 in
1490 1325 1716 1366 Tusculano
1743 1327 1972 1377 opprimar.

170 1384 254 1424 bile
286 1388 353 1424 est
384 1386 516 1425 etiam
547 1397 671 1425 meos
704 1386 889 1426 Codices
924 1387 1038 1425 anti-

169 1449 425 1498 quissimos,
465 1451 511 1487 ut
542 1449 741 1499 Cruquii‚
783 1449 867 1488 hoc
908 1448 1039 1487 dum-

169 1512 283 1549 taxat
314 1509 411 1550 loco
442 1509 625 1550 alteram
656 1512 920 1562 scripturam
956 1511 1040 1551 cole

167 1573 402 1612 exhibere:
451 1574 513 1613 sic
554 1585 689 1623 caupo
731 1576 771 1613 ct
810 1585 911 1624 copo
951 1576 1036 1613 cet.

167 1645 307 1685 aeque
339 1636 548 1675 usitatum
585 1638 692 1675 erat.
753 1634 1037 1675 Memorabile

167 1698 270 1736 item
301 1700 388 1745 est,
422 1698 540 1748 quod
572 1699 657 1738 iam
679 1701 821 1738 Acron
852 1698 922 1737 hic
942 1709 1041 1749 rep-

167 1761 276 1810 perit
329 1761 593 1812 scripturam
651 1762 736 1801 cole
792 1763 1035 1801 annotans:

168 1821 299 1872 neele]
332 1823 415 1862 hoc
447 1827 533 1871 est,
566 1825 707 1873 caule,
740 1826 787 1863 ut
817 1824 929 1863 clocle
957 1834 1037 1875 pro

166 1884 334 1933 claude,
379 1886 529 1924 sorices
557 1897 637 1937 pro
681 1887 888 1935 saurices,
935 1889 1038 1926 coda

166 1958 244 1997 pro
265 1947 443 1986 cauda.»
472 1972 514 1976 —
541 1948 775 1988 suburbano
795 1971 812 1977 -
827 1971 844 1976 -
863 1949 1036 1998 dulcior]

167 2010 267 2059 quia
299 2011 340 2048 in
379 2011 515 2050 hortis
553 2011 819 2051 suburbanis
861 2014 1038 2062 praeter

165 2071 356 2121 piscinas
393 2073 472 2111 rix-i
513 2075 553 2112 et
585 2074 722 2124 euripi
760 2074 1037 2114 amoenitatis

167 2143 299 2171 causa
330 2134 492 2173 inducti
520 2136 648 2175 nimis
679 2136 936 2175 humectant
962 2148 1037 2176 so-

166 2194 280 2242 lum,
331 2196 449 2235 unde
498 2196 693 2237 brassica
740 2197 787 2236 fit
834 2198 1032 2249 insipida.

167 2257 393 2296 Contraria
426 2270 530 2298 sane
563 2263 629 2300 est
665 2260 862 2299 doctrina
898 2259 1038 2300 Palla-

167 2318 223 2357 dii
255 2319 299 2364 3,
336 2320 406 2367 24,
441 2323 493 2361 5.
528 2323 670 2361 Solum
693 2323 848 2373 pinque
876 2328 913 2362 et
939 2324 1040 2362 salis

164 2382 376 2422 subactum
407 2384 581 2435 diligunt
613 2385 808 2436 (caules).·
840 2387 1038 2437 aryillam

167 2450 203 2483 ct
231 2446 419 2497 glaream
450 2448 611 2495 timent:
643 2449 836 2488 sabulone
865 2454 901 2488 et
940 2460 1037 2488 are-

168 2509 230 2546 nis
250 2520 326 2547 non
349 2509 624 2558 delectantur,
656 2511 735 2549 7ιὶ.ςὶ
750 2512 944 2560 perennis
963 2523 1039 2550 un-

168 2571 220 2608 (Ia
251 2575 483 2610 succurrat.
519 2592 562 2599 —
596 2573 779 2624 irriguo]
813 2575 859 2613 D.
904 2574 1038 2612 Hein-

169 2634 257 2672 sius
288 2632 482 2672 volebat:
518 2635 669 2685 irriyui
700 2636 799 2674 nihil
818 2640 873 2675 est
893 2637 1039 2675 elutius

170 2697 321 2745 (magis
353 2696 531 2747 fatuum)
573 2699 680 2737 horti
723 2698 870 2745 caule,
918 2698 1036 2749 quod

169 2759 325 2796 merito
357 2759 505 2798 reiecit
545 2760 786 2808 Bentleius‚
835 2762 914 2801 etsi
954 2763 1037 2801 Ba-

170 2823 293 2859 tax-us
333 2820 435 2860 salsa
477 2823 727 2862 coniectura
767 2826 888 2863 recte
921 2824 1038 2862 hunc

166 2881 311 2921 locum
343 2883 650 2934 interpretatus
683 2887 764 2925 est.
799 2910 841 2913 -—
876 2886 1036 2938 elutius]

169 2943 273 2983 Plin.
300 2945 347 2984 H.
373 2947 421 2984 N.
446 2946 512 2992 34,
548 2948 610 2985 «13.
645 2947 698 2986 dc
721 2948 880 2998 spodo:
920 2949 1040 2987 huius

167 3007 315 3046 elutior
342 3008 403 3046 ris
431 3013 500 3046 cst.

225 3069 369 3107 47-19.
404 3072 665 3122 vespertinus]
690 3072 826 3123 Epod.
855 3073 924 3117 ⁴6,
958 3073 1002 3111 51
1027 3085 1033 3109 z

169 3133 251 3171 Nec
302 3133 552 3181 vespertinus
596 3134 876 3185 circumgemit
918 3146 1039 3172 ursus

169 3194 283 3233 orile.
345 3195 460 3244 Virg.
486 3197 559 3233 Ge.
585 3195 628 3237 3,
663 3196 761 3234 537:
809 3197 902 3234 Non
920 3196 1040 3245 lupus

169 3279 190 3285 -
212 3279 233 3284 -
253 3257 444 3308 gressibus
472 3262 696 3296 nocturnus
715 3258 963 3296 obambulat.
992 3281 1033 3285 —

168 3319 426 3370 oppresserit]
467 3320 755 3370 «imparatum
789 3330 1038 3370 occupave-

170 3381 264 3418 rit.»
324 3382 496 3420 Terent.
530 3381 662 3421 Andr.
699 3382 741 3426 4,
783 3382 826 3427 3,
870 3382 942 3420 22:
990 3392 1040 3420 ne

169 3445 216 3481 sle-
245 3444 321 3482 hac
351 3455 398 3483 re
417 3449 542 3493 pater
570 3445 865 3494 imprudentem
896 3445 1039 3493 oppri-

171 3511 267 3544 mat.
304 3505 389 3545 Cic.
417 3507 469 3545 ad
494 3508 575 3546 Att.
612 3506 678 3554 13,
711 3505 783 3552 38,
809 3507 854 3545 ⁵2:
895 3517 1040 3545 vereor

1106 1410 1150 1415 —
1173 1388 1333 1427 malum
1360 1389 1581 1437 responset]
1605 1390 1861 1440 Comparari
1882 1392 1978 1441 pot-

1104 1451 1170 1489 est
1200 1449 1277 1489 Od.
1302 1451 1348 1498 2,
1384 1451 1458 1498 ⁴9,
1492 1451 1537 1490 6:
1585 1451 1795 1490 turbidum
1822 1453 1976 1492 Laeta-

1102 1516 1182 1551 tur.
1244 1512 1323 1552 Od.
1347 1513 1393 1561 3,
1426 1514 1502 1562 27,
1547 1513 1618 1552 67:
1667 1515 1874 1565 Perfidum
1910 1516 1977 1554 ri-

1102 1574 1212 1614 dens.
1264 1575 1371 1626 Epp.
1392 1576 1438 1623 2,
1463 1576 1506 1623 2,
1531 1575 1575 1614 9:
1608 1581 1730 1615 canet
1748 1577 1973 1618 indoctum.

1103 1638 1229 1677 Esset
1258 1637 1409 1688 igitur,
1454 1639 1503 1677 ut
1532 1638 1591 1677 ait
1618 1639 1821 1688 Bothius‚
1864 1649 1974 1680 con-

1103 1701 1192 1739 cise
1247 1699 1414 1739 dictum
1462 1710 1542 1751 pro
1591 1711 1644 1740 eo
1699 1700 1821 1751 quod
1875 1703 1971 1742 est:

1103 1761 1295 1801 «malum
1325 1762 1429 1801 dare
1460 1761 1605 1814 palato
1636 1762 1746 1803 dure
1785 1774 1976 1815 respon-

1102 1824 1293 1872 sando;»
1340 1823 1408 1863 vel
1444 1823 1708 1876 simplicius:
1756 1825 1972 1876 «ingrate,

1099 1887 1384 1937 unanssenehm
1418 1887 1726 1926 wider-stetten.»
1769 1888 1975 1927 Attamen

1101 1960 1203 1990 cum
1246 1950 1287 1988 in
1332 1960 1373 1987 v.
1418 1959 1663 1998 responsare
1705 1950 1878 2000 (aspere
1923 1959 1976 1988 ac

1100 2012 1305 2052 ferociter
1333 2011 1632 2063 respondere,
1669 2011 1899 2052 adversari
1930 2013 1975 2051 et

1100 2074 1318 2123 reluctari)
1353 2085 1435 2125 per
1465 2085 1511 2114 se
1544 2074 1644 2114 insit
1682 2072 1824 2114 malae
1865 2084 1976 2113 con-

1101 2139 1317 2178 tumaciae
1340 2138 1472 2186 notio,
1497 2136 1654 2186 habet,
1679 2148 1767 2187 quo
1788 2148 1836 2177 se
1857 2147 1977 2176 com-

1100 2200 1283 2241 mendet
1304 2199 1489 2239 lacobsii
1512 2199 1755 2239 distinctio:
1788 2199 1849 2238 Ne
1876 2199 1975 2250 ραι-

1099 2264 1211 2312 tina,
1248 2263 1436 2302 malum!
1475 2275 1511 2301 r.
1546 2264 1668 2312 d.p.,
1704 2263 1753 2301 ut
1779 2262 1889 2313 Epp.
1926 2262 1972 2309 ⁴,

1101 2327 1144 2375 6,
1178 2327 1253 2366 22:
1286 2326 1524 2377 indignum!
1557 2325 1637 2365 etsi
1658 2323 1885 2364 fatendum
1908 2325 1976 2364 est

1100 2390 1183 2428 hac
1221 2387 1541 2428 exclamatione
1580 2397 1807 2437 nunquam
1840 2396 1972 2426 usum

1101 2463 1200 2492 esse
1247 2451 1497 2499 Horatium,
1544 2449 1662 2489 unde
1704 2460 1803 2488 eam
1841 2447 1975 2488 nolim

1100 2515 1172 2554 hic
1193 2513 1431 2553 obtrudere
1453 2512 1619 2552 lectori.
1643 2533 1686 2539 —
1706 2513 1862 2551 Doctus
1879 2511 1974 2560 eris]

1100 2574 1314 2623 verbum,
1349 2586 1434 2613 non
1467 2574 1756 2613 adieetivum:
1806 2573 1975 2612 «Doce-

1101 2638 1238 2687 bere,
1282 2637 1468 2676 docetor
1513 2648 1535 2675 a
1581 2647 1695 2675 me.»
1743 2656 1786 2662 -
1824 2635 1973 2683 mixto]

1103 2710 1241 2750 «aqua
1263 2698 1441 2745 diluto‚»
1474 2700 1523 2736 ut
1552 2709 1615 2747 gr.
1640 2693 1771 2746 οἶνος
1799 2707 1974 2753 κεκρα-

1100 2763 1265 2813 μένος,
1289 2754 1510 2817 ἄκρατος.
1558 2759 1735 2798 Servavi
1757 2757 1970 2797 librorum

1101 2824 1388 2874 scripturam,
1424 2824 1575 2873 utpote
1608 2821 1649 2860 in
1687 2832 1735 2860 re
1775 2822 1866 2859 tam
1905 2820 1974 2859 in-

1100 2888 1234 2925 certa.
1315 2885 1522 2924 Ceterum
1561 2883 1834 2933 ingeniosam
1873 2892 1972 2922 esse

1100 2948 1399 2987 coniecturam
1430 2947 1590 2985 aeriter
1610 2956 1633 2984 a
1656 2946 1739 2984 Fea
1771 2946 1815 2984 et
1844 2945 1974 2984 Hein-

1101 3009 1240 3048 dorfio
1257 3009 1509 3056 defensam,
1533 3006 1645 3047 ultro
1667 3007 1826 3054 fateor;
1849 3017 1975 3058 pror-

1101 3082 1175 3111 sus
1207 3071 1323 3109 enirn
1354 3069 1581 3120 singulari,
1625 3070 1672 3108 ut
1710 3069 1767 3108 ita
1804 3068 1970 3117 dicam,

1102 3132 1395 3172 medicamine
1427 3131 1482 3171 ad
1513 3130 1618 3170 illud
1647 3130 1767 3181 quod
1795 3128 1886 3169 volt
1906 3128 1972 3169 ef-

1101 3195 1338 3234 ficiendum
1370 3204 1482 3245 opus
1513 3203 1633 3241 esse,
1666 3190 1899 3231 manifesto
1919 3191 1977 3231 si-

1102 3257 1276 3307 gnificat
1312 3257 1533 3307 magister.
1594 3256 1785 3295 Mustum
1823 3254 1970 3292 autem

1102 3319 1229 3359 dulce
1271 3318 1595 3359 conservabant
1633 3326 1774 3367 usque
1813 3315 1855 3354 in
1891 3325 1973 3354 an-

1103 3393 1222 3430 num,
1257 3383 1310 3421 ita
1343 3384 1389 3421 ut
1419 3381 1575 3432 quovis
1609 3389 1762 3419 mense
1794 3378 1971 3428 praesto

1103 3445 1220 3484 esset.
1247 3455 1404 3494 coquo.
1439 3444 1545 3483 Cato
1566 3443 1648 3482 RR.
1673 3441 1765 3480 ⁴20.
1799 3437 1968 3479 Colum.

1103 3508 1173 3554 42,
1207 3507 1271 3545 29.
1336 3507 1483 3546 Utrum
1527 3506 1675 3544 autem
1716 3512 1872 3542 verum
1916 3502 1972 3540 sit
