2231 3787
323 259 424 311 580

392 390 524 443 Hinc
565 387 684 442 illae
722 386 991 442 lacrimae.

924 258 1139 299 HORATII
1169 258 1537 300 EPISTOLARUM

1068 389 1267 459 Spissis
1306 388 1523 458 indigna
1560 387 1780 441 theatris

393 491 601 561 Scripta
638 489 805 561 pudet
842 490 1068 544 recitare
1107 499 1160 542 et
1198 489 1355 559 nugis
1394 488 1597 542 addere
1634 488 1871 560 ponduS‚

391 593 445 647 Si
485 592 617 645 dixi:
659 591 845 653 RideS,
888 591 981 653 ait,
1025 598 1077 643 et
1115 590 1256 643 Iovis
1295 589 1516 643 auribus
1555 590 1656 644 ista

390 694 612 757 Servas3
652 692 773 745 fidis
812 691 955 745 enim
991 707 1211 744 manare
1250 691 1462 761 poetica
1500 690 1658 744 mella

390 797 461 848 Te
501 793 701 856 solum,
744 793 836 847 tibi
876 791 1115 864 pulcher.

312 1061 433 1102 bant.
486 1061 537 1101 Hi
566 1061 718 1112 igitur,
765 1060 928 1112 inquit,
965 1059 1087 1100 velut
1117 1071 1191 1100 es-

313 1125 413 1163 sent
444 1124 607 1163 XXXV.
637 1122 778 1163 tribus
808 1121 958 1174 populi
989 1122 1187 1171 Romani,

311 1185 379 1224 ius
409 1185 492 1225 sibi
518 1187 725 1236 arrogant
744 1184 949 1235 suffragia
970 1184 1025 1224 de
1046 1184 1190 1235 poetis

311 1245 507 1296 ferendi,
532 1247 631 1298 quis
652 1247 796 1297 primo
816 1244 915 1286 loco
939 1246 1095 1296 dignus
1117 1247 1187 1295 sit,

311 1309 386 1359 qui
415 1309 460 1348 in
490 1307 689 1348 secundo
725 1308 912 1347 tertiove
944 1307 1189 1348 subsistere

313 1370 521 1411 debeant.
564 1394 609 1399 -—
662 1370 843 1422 pulpita]
889 1371 1187 1420 Lehrsitze,

308 1433 525 1472 chaires.
573 1429 747 1480 Quintil.
775 1433 817 1473 44
843 1463 851 1480 ,
881 1432 930 1481 3,
964 1432 1064 1471 43οι
1098 1443 1192 1472 cum

307 1495 352 1534 in
381 1498 558 1546 anqusto
589 1495 770 1543 quodam
793 1494 956 1543 pulpito
985 1498 1100 1533 stans
1123 1494 1190 1533 di-

307 1560 428 1596 ceret.
491 1557 586 1604 Quo
622 1554 842 1596 vocabulo
880 1554 1010 1595 simul
1043 1554 1189 1607 lepide

307 1619 541 1671 significat,
586 1620 791 1660 homines
830 1620 938 1659 istos
969 1630 1058 1658 non
1090 1631 1189 1660 esse

308 1682 391 1723 nisi
412 1680 620 1721 ludorum
641 1682 889 1732 magistros,
918 1681 975 1720 ad
997 1692 1190 1732 quorum

305 1744 466 1784 iudicia
487 1745 711 1795 respicere
733 1743 843 1783 infra
865 1746 1024 1795 poetae
1047 1743 1190 1794 digni-

308 1807 446 1845 tatem
494 1807 549 1845 sit
594 1807 805 1856 positum.
874 1807 1017 1846 Minus
1066 1807 1190 1845 recte

308 1868 644 1907 Commentator
666 1867 847 1917 Cruquii
868 1878 911 1918 p.
937 1866 1041 1907 694:
1077 1868 1192 1906 «Tri-

306 1928 380 1968 bus
414 1930 558 1980 ipsam
588 1927 906 1979 discipulorum
944 1927 1189 1969 multitudi-

307 2002 413 2031 nem
444 1990 570 2040 dicit,
608 1990 775 2040 pulpita
803 2001 910 2030 vero
941 1991 1061 2042 ipsos
1092 2001 1190 2030 ma—

310 2054 511 2104 giStFOS.»

361 2114 430 2155 44.
454 2114 520 2155 42.
552 2115 657 2154 Hinc
686 2114 783 2154 illae
811 2115 1026 2164 lacrimae]
1062 2117 1191 2155 «Pro-

307 2179 461 2229 pterea
492 2176 613 2227 quod
641 2178 802 2217 horum
833 2177 1066 2217 hominum
1095 2188 1192 2228 gra-

307 2240 415 2279 tiam
452 2249 543 2278 non
579 2248 772 2289 quaero,
819 2238 927 2277 mihi
958 2240 1061 2278 sunt
1090 2240 1190 2278 tan-

307 2304 464 2353 topere
496 2299 684 2339 infesti.»
740 2300 1032 2340 proverbium
1073 2301 1190 2352 peti-

307 2366 402 2403 tum
433 2374 487 2402 ex
505 2363 680 2401 Terent.
705 2362 840 2401 Andr.
867 2364 906 2411 4,
933 2364 971 2411 4,
995 2363 1062 2403 99.
1097 2364 1185 2403 Cic.

310 2436 391 2478 pro
424 2423 570 2465 Caelio
600 2425 668 2473 25,
693 2425 764 2464 64:
799 2425 904 2464 Hinc
932 2425 1032 2465 illae
1059 2425 1192 2464 lacri—

306 2498 403 2527 mae
423 2487 621 2526 nimirum
639 2491 675 2526 et
694 2487 795 2527 haec
815 2499 945 2527 causa
966 2492 1024 2527 est
1041 2488 1191 2528 horu-m

310 2549 494 2589 omnium
534 2549 732 2588 scelerum
774 2554 811 2588 et
853 2551 1091 2589 criminum.
1143 2572 1186 2578 —

307 2612 459 2662 Spissis
488 2611 590 2662 cet]
632 2611 707 2649 «Si
738 2611 824 2651 dixi
857 2622 909 2651 ex
939 2613 1073 2652 animi
1102 2612 1191 2652 mei

309 2674 547 2714 sententia:
597 2673 745 2723 Nugas
782 2684 906 2713 meas
948 2672 1188 2725 (opuscula)

309 2735 528 2785 frequenti
569 2733 822 2774 auditorum
871 2745 1036 2774 corona
1076 2735 1192 2774 indi-

310 2808 418 2847 gnas
461 2797 649 2836 recitare
682 2798 725 2837 et
764 2797 849 2836 hoc
880 2800 982 2837 actu
1012 2798 1108 2849 ipso
1139 2798 1191 2837 iis

313 2859 467 2898 addere
487 2859 675 2908 pondus,
698 2858 744 2897 id
764 2860 853 2907 est,
879 2859 1190 2899 demonstrare

311 2930 383 2959 me
413 2921 561 2970 magni
592 2932 667 2960 eas
696 2920 864 2969 facere,
898 2920 1096 2971 profecto
1118 2931 1190 2960 me

311 2982 472 3033 pudet3
520 2993 757 3034 perperam
787 2982 844 3022 illi
875 2992 1033 3023 sensus
1064 2992 1190 3021 meos

313 3045 657 3094 interpretantur
704 3046 747 3083 et
782 3043 1088 3084 simulatorem
1118 3054 1190 3083 me

313 3105 543 3145 credunt.»
599 3104 760 3144 Similia
791 3107 892 3145 sunt
928 3108 976 3144 A.
1009 3107 1054 3144 P.
1086 3105 1187 3144 205:

310 3167 442 3217 spissa
469 3167 626 3206 sedilia.
678 3168 787 3218 Epp.
819 3168 859 3213 2,
898 3168 936 3215 4,
975 3167 1049 3206 60;
1098 3171 1192 3206 arto

311 3229 468 3278 stipata
497 3229 657 3268 theatro
678 3250 700 3256 -
720 3229 865 3267 Roma.
915 3228 1091 3267 Theatra
1111 3239 1192 3268 au—

312 3294 406 3330 tem
435 3291 478 3330 h.
503 3290 530 3330 l.
562 3289 795 3330 manifesto
827 3292 928 3330 sunt
958 3290 1187 3340 auditoria,

313 3354 357 3392 in
396 3351 558 3402 quibus
594 3353 757 3403 scripta
796 3362 874 3392 sua
912 3354 1069 3403 poetae
1105 3353 1193 3392 im-

313 3414 488 3464 primis,
521 3416 615 3454 tum
646 3414 779 3454 etiam
808 3414 1003 3454 historici
1035 3416 1078 3454 et
1097 3425 1194 3453 ora-

316 3478 455 3522 tores,
499 3486 647 3516 coram
680 3474 826 3516 multis
858 3477 1042 3516 recitare
1075 3475 1192 3516 sole-

1191 791 1271 845 Ad
1307 791 1444 846 haec
1483 808 1584 862 ego
1623 791 1843 846 naribus
1866 793 1956 846 *uti

2069 793 2136 845 45

1255 1058 1387 1107 bant;
1411 1069 1546 1109 quam
1568 1058 1750 1110 quidem
1771 1059 2138 1111 significationem

1257 1132 1361 1160 cum
1390 1122 1620 1161 Weichert
1659 1121 1714 1161 de
1744 1122 1875 1161 Vario
1903 1133 2002 1173 pag.
2039 1123 2134 1163 456.

1254 1182 1408 1222 tribuit
1449 1183 1582 1237 etiam
1625 1182 1776 1224 verbis
1817 1183 1895 1223 Od.
1933 1185 1973 1232 2,
2011 1185 2049 1234 4,
2087 1185 2134 1224 9;

1254 1246 1433 1285 Paulam
1458 1256 1624 1285 severae
1653 1247 1779 1286 Musa
1799 1247 2040 1297 traqoediae
2057 1247 2141 1287 De-

1255 1308 1308 1347 sit
1337 1308 1532 1357 theatris,
1578 1308 1687 1348 mihi
1716 1307 1909 1360 probare
1940 1309 2138 1349 nondum

1254 1370 1409 1422 potuit.

1310 1431 1485 1472 43-45.
1533 1432 1654 1472 Rides
1698 1431 1800 1483 cet.]
1846 1433 2138 1474 «Ludificaris

1257 1504 1360 1543 nos,
1393 1494 1535 1544 inquit
1566 1495 1882 1544 grammaticus
1918 1497 2025 1536 mihi
2054 1497 2139 1537 ini—

1257 1565 1393 1606 quus,
1443 1557 1486 1595 et
1528 1556 1612 1595 ista
1656 1555 1784 1597 nobis
1827 1557 2031 1598 invidens
2060 1559 2137 1598 uni

1254 1618 1451 1667 Augusto
1481 1617 1711 1657 recitanda
1742 1629 1939 1658 servas.»
1975 1642 2020 1648 -
2062 1620 2136 1672 ait]

1255 1681 1304 1718 ut
1333 1679 1452 1730 apud
1481 1681 1603 1720 Pers.
1637 1680 1675 1728 4,
1705 1679 1771 1720 40.
1804 1682 1956 1720 luven.
1981 1681 2020 1731 9,
2051 1681 2135 1731 63.,

1257 1741 1312 1781 de
1357 1741 1580 1791 auditore,
1629 1752 1766 1792 quem
1819 1741 2140 1794 obloquentem

1256 1803 1384 1843 nobis
1407 1804 1675 1853 cogitamus:
1710 1814 1798 1854 qua
1820 1805 2138 1855 significatione

1256 1865 1532 1916 frequentius
1565 1866 1633 1904 est
1661 1865 1810 1914 inquit.
1850 1886 1895 1894 —
1928 1867 2037 1907 Iovis
2064 1879 2141 1907 au-

1254 1926 1382 1977 ribus]
1424 1926 1516 1965 fere
1556 1927 1606 1965 ut
1644 1927 1730 1966 Sat.
1763 1928 1810 1976 2,
1845 1928 1890 1978 6,
1923 1929 1996 1970 52:
2045 1930 2139 1970 deos

1257 1989 1457 2039 quoniam
1500 1989 1676 2038 propius
1723 1991 1939 2042 continyis.
2011 1992 2134 2032 ovid.

1255 2052 1382 2092 Tr1st.
1408 2051 1446 2100 4,
1472 2052 1511 2100 4,
1536 2051 1602 2090 84.
1629 2051 1683 2091 de
1700 2052 1921 2102 Augusto:
1953 2054 2022 2094 Me
2041 2065 2139 2104 quo-

1256 2124 1353 2162 que,
1395 2124 1504 2162 quae
1545 2114 1671 2162 sensi,
1716 2114 1853 2164 fateor
1878 2115 1987 2155 Iovis
2014 2127 2140 2156 arma

1255 2177 1425 2224 timere3
1458 2176 1565 2215 item
1597 2176 1722 2216 Trist.
1747 2178 1786 2225 5,
1818 2178 1858 2226 2,
1883 2176 1951 2218 46.
1980 2177 2035 2218 de
2058 2190 2138 2219 eo-

1256 2238 1394 2278 dem:
1438 2239 1484 2278 Si
1525 2238 1593 2289 fas
1635 2242 1693 2278 est
1734 2239 1889 2279 homini
1922 2252 2017 2281 cum
2044 2242 2138 2283 Iove

1252 2312 1369 2351 posse
1390 2300 1517 2350 loqui.
1545 2325 1590 2329 —
1621 2301 1716 2352 fidis
1735 2302 1844 2341 enim
1865 2304 1968 2357 cet]
2002 2305 2139 2344 «Nam

1254 2373 1523 2414 persuasum
1546 2364 1613 2403 est
1632 2362 1733 2412 tibi,
1756 2365 1799 2403 te
1821 2374 1979 2405 versus
2001 2365 2137 2406 edere

1256 2425 1414 2476 quovis
1444 2423 1576 2465 melle
1609 2424 1854 2476 dulciores,
1895 2426 1941 2466 id
1972 2428 2061 2478 est,
2094 2430 2138 2468 te

1255 2498 1393 2526 unum
1440 2487 1668 2537 egregium
1697 2489 1878 2539 poetam
1909 2500 2052 2530 esse.»
2087 2511 2132 2518 —

1254 2548 1446 2599 manare]
1474 2549 1722 2598 transitive,
1754 2550 1803 2588 ut
1824 2550 1946 2590 Ovid.
1970 2552 2073 2592 Met.
2094 2552 2134 2601 6,

1256 2611 1356 2650 3402:
1398 2611 1598 2650 lacrimas
1626 2611 1752 2651 etiam
1780 2623 1891 2651 mmo
1918 2623 2138 2653 marmora

1254 2676 1445 2711 marcant.
1498 2673 1638 2712 Etiam
1674 2674 1718 2712 in
1756 2683 1890 2723 prosa
1920 2675 2133 2715 oratione.

1258 2733 1362 2774 Plin.
1388 2734 1438 2773 H.
1463 2735 1512 2773 N.
1539 2732 1605 2782 44,
1625 2733 1693 2782 20,
1714 2734 1787 2773 25:
1820 2733 2029 2775 Arborum
2046 2746 2137 2776 suc-

1256 2807 1302 2835 co
1321 2795 1586 2834 manantium
1606 2795 1744 2844 picem
1760 2795 2026 2846 resinamque
2046 2799 2132 2838 cet.

1256 2858 1381 2897 Idem
1404 2856 1470 2905 37,
1496 2856 1561 2905 40,
1588 2856 1631 2895 64
1654 2867 1662 2894 t
1694 2857 1841 2896 Indica
1861 2858 2134 2910 (gemma)--

1254 2920 1299 2958 in
1316 2919 1466 2957 attritu
1484 2918 1675 2958 sudorem
1684 2929 1950 2968 purpureum
1967 2925 2132 2961 manat.

1256 2981 1403 3031 Eurip.
1433 2980 1539 3019 Hec.
1572 2980 1675 3019 528:
1717 2974 1844 3036 ἔρξει
1870 2981 1993 3039 χειρὶ
2022 2985 2135 3033 παῖς

1252 3040 1495 3092 Ἀχιλλέως
1543 3038 1682 3092 Χοὰς
1727 3039 1927 3084 θανόντι
1974 3045 2130 3103 πατρί.

1257 3106 1325 3145 Sic
1347 3104 1449 3144 alibi
1467 3106 1587 3156 flere,
1619 3115 1794 3154 rorare,
1817 3107 1966 3157 fluere,
1998 3117 2135 3146 ermn-

1250 3178 1366 3217 pere.
1401 3188 1446 3194 —-
1482 3166 1651 3216 poetica
1682 3167 1833 3218 mella]
1878 3168 2052 3208 Lucret.
2091 3169 2128 3217 4,

1258 3228 1360 3269 945:
1417 3228 1530 3267 volui
1569 3227 1641 3267 tibi
1681 3229 1982 3278 suaviloquenti
2025 3228 2133 3269 Car-

1255 3291 1366 3330 mine
1405 3290 1540 3330 Pierio
1577 3289 1784 3329 rationem
1821 3299 2028 3339 exponere
2053 3301 2132 3330 no-

1255 3356 1388 3392 stram
1425 3353 1479 3391 Et
1511 3351 1632 3401 quasi
1658 3361 1860 3391 musaeo
1890 3351 1999 3391 dulci
2029 3362 2133 3392 con—

1257 3414 1414 3465 tingere
1448 3413 1610 3452 melle.
1657 3411 1781 3452 Pind.
1821 3413 1992 3463 Fragm.
2025 3412 2127 3452 463:

1257 3471 1680 3515 Μελισσοτεύκτων
1695 3474 1875 3530 κηρίων
1890 3468 2010 3526 Ἕμὰ
2026 3471 2131 3527 γλυ-
