2231 3787
243 262 335 314 13ss

867 260 1080 300 uoRATll
1111 258 1410 299 SATfflARUM

305 397 366 445 At
405 392 666 446 Graccus
711 400 996 461 postquam
1035 399 1116 442 est
1156 388 1281 441 Italo
1322 387 1571 458 perfusus
1614 394 1792 443 aceto,

305 494 520 547 Persius
560 491 846 546 exclamat:
890 493 992 544 Per
1030 507 1274 560 magnos,
1316 491 1498 548 Brute,
1543 485 1676 539 deos
1717 494 1765 538 te

306 597 440 650 Oro,
486 594 576 665 qui
617 610 772 659 reg-{cs
813 592 1090 646 consueris
1126 591 1336 651 tollere,
1387 606 1483 642 our
1522 605 1626 640 non

307 699 457 750 Hunc
497 698 694 766 Regem
734 693 980 763 iugulas?
1020 693 1259 763 Operum
1299 691 1425 743 hoo.
1466 689 1591 741 milii
1626 688 1813 750 erede,
1857 694 1978 740 tuo-

450 815 566 848 rum
613 805 706 848 cst.

1983 789 2051 842 35

348 947 414 987 34.
449 956 669 985 consueras
697 941 741 991 ὁ,
774 944 974 981 consuesti
1003 953 1026 981 e
1060 941 1167 982 Cod.
1203 940 1392 981 Galeano
1425 938 1475 991 (ξ)
1508 950 1643 992 saepe
1675 938 1934 991 interpolato
1956 940 2001 979 et

295 1011 369 1050 Ed.
390 1010 499 1048 Yen.
526 1007 638 1048 t-'i-OO.
674 1005 912 1052 Bentleius‚
931 1006 971 1045 F.
1009 1006 1072 1054 (L't
1092 1016 1185 1044 nos.
1222 1004 1357 1044 nostri
1379 1005 1422 1042 et
1439 1002 1632 1043 Pottierii
1653 1012 1824 1051 omnes,
1856 1002 2000 1042 Acron

298 1076 338 1111 et
371 1067 675 1121 Porphyrion.)

238 1200 319 1235 tur.
382 1193 587 1234 Similiter
607 1193 784 1240 Graeci,
818 1193 866 1230 ut
885 1191 1113 1241 Aristoph.
1147 1190 1151 1220 l
1180 1189 1456 1229 demoturus.
1495 1209 1538 1216 ——
1571 1188 1714 1228 Italo-
1735 1166 1873 1239 acetoj
1921 1185 2056 1228 «sali-

241 1260 316 1308 Eq.
338 1258 436 1297 697:
472 1252 837 1311 περιεκόκκῑυα.
881 1255 997 1293 Aves
1018 1253 1112 1292 507.

243 1319 554 1372 proverbium:
617 1313 788 1365 κόκκυ,
828 1314 989 1366 ψωλοὶ
1034 1326 1117 1353 πε-

1180 1252 1263 1292 bus
1293 1263 1398 1291 vere
1430 1252 1608 1300 Latinis,
1642 1250 1850 1290 aculeatis
1872 1251 1916 1290 et
1935 1260 2058 1289 mor-

1181 1314 1409 1354 dacibus.»
1469 1313 1604 1353 Plaut.
1630 1313 1789 1353 Pseud.
1812 1313 1859 1361 2,
1892 1311 1943 1361 4,
1977 1311 2053 1352 49:

242 1380 411 1423 δίοιδε.
464 1382 575 1430 Ergo
606 1381 747 1419 ’viator
785 1377 1036 1430 petulanter
1073 1378 1116 1416 in
1179 1377 1341 1426 Ecquid
1359 1376 1477 1414 habet
1497 1376 1531 1414 is
1549 1376 1667 1415 homo
1683 1375 1787 1414 aceti
1807 1372 2059 1424 inpectoreP

239 1444 572 1485 vindemiatoris
592 1441 831 1481 ludibrium
854 1439 994 1480 cuculi
1018 1451 1120 1480 can-

241 1511 333 1548 tum
366 1508 579 1553 imitatum
616 1515 773 1544 verum
809 1503 907 1543 talia
939 1505 1118 1553 tamque
1149 1500 1152 1512 '

241 1570 405 1610 acerba
451 1571 494 1608 et
542 1566 859 1607 contumeliosa
904 1576 1119 1616 responsa

243 1634 347 1679 fert,
380 1634 427 1671 ut
457 1641 540 1670 neo
569 1630 686 1669 vires
717 1640 800 1668 nee
832 1630 1008 1679 tempus
1038 1628 1121 1666 ha-

243 1696 349 1735 beat
378 1693 434 1733 ad
465 1704 517 1732 ea
546 1691 799 1738 reddenda,
847 1690 927 1731 sed
966 1690 1122 1741 fatiga-

242 1761 313 1797 tus
355 1755 536 1796 tandem
581 1754 696 1793 inani
742 1752 1026 1792 altereatione
1065 1751 1122 1791 ad

245 1831 324 1859 sua
354 1818 528 1869 negotia
557 1816 707 1863 abeat,
740 1815 1033 1854 vindemiator
1060 1815 1125 1853 vi-

246 1885 342 1922 ctor
374 1879 544 1920 evadat.
586 1878 854 1929 (Vindemias
875 1877 992 1928 ipsas
1013 1878 1125 1915 Nea-

245 1943 460 1996 politanas
512 1940 640 1982 simili
692 1940 825 1980 modo
875 1938 1123 1978 celebratas

1180 1441 1310 1488 Atque
1340 1439 1579 1478 acidissimi.
1615 1461 1660 1466 —
1691 1438 1915 1487 consueris]
1946 1437 2059 1477 Cum

1183 1503 1253 1551 qui
1283 1502 1324 1540 h.
1359 1501 1385 1540 l.
1420 1501 1539 1540 idem
1579 1500 1634 1541 sit
1672 1511 1724 1540 ae
1767 1500 1918 1550 quippe
1960 1499 2057 1548 qui,

1182 1568 1227 1602 ut
1257 1563 1350 1613 qui,
1391 1563 1588 1613 praestat
1617 1561 1944 1609 coniunctivus‚
1983 1559 2062 1600 fir-

1183 1627 1331 1665 matus
1364 1625 1497 1664 etiam
1518 1635 1543 1663 a
1564 1623 1676 1663 meis
1697 1622 1835 1663 Codd.
1861 1646 1907 1651 —
1928 1620 2059 1674 reyes]

1186 1689 1446 1734 Caesarem,
1493 1687 1542 1725 ut
1579 1685 1867 1736 Tarquinium
1896 1685 2063 1736 Super-

1184 1749 1294 1789 bum
1326 1751 1368 1789 L.
1403 1748 1551 1788 lunius
1580 1748 1760 1797 Brutus,
1794 1759 1818 1787 a
1848 1758 1937 1798 quo
1958 1747 2063 1787 stir-

1185 1823 1290 1864 pem
1335 1810 1499 1850 ducere
1541 1808 1670 1860 volgo
1719 1808 1959 1862 putabatur
2005 1809 2061 1849 M.

1186 1876 1361 1915 Brutus.
1441 1873 1688 1912 Numerum
1741 1870 1960 1923 pluralem
2007 1869 2063 1910 de

1186 1947 1275 1975 uno
1303 1936 1492 1975 Caesare
1523 1934 1785 1985 usurpatum
1815 1934 2063 1973 Diintzerus

248 2017 347 2046 esse
389 2017 412 2044 a
448 2002 709 2043 vinitoribus
755 2003 972 2042 monstrat
1014 2002 1122 2040 Am-
1189 1997 1387 2038 defendit
1417 1995 1513 2035 coll.
1549 1996 1638 2035 Cic.
1671 1997 1829 2036 Aecus.
1863 1996 1907 2035 in
1935 1995 2062 2035 Verr.

247 2068 423 2108 brosius
462 2068 548 2105 Leo
586 2067 628 2104 in
668 2065 843 2114 Antiqq.
879 2065 922 2102 et
963 2063 1121 2101 Histor.

1188 2062 1237 2109 2,
1263 2060 1313 2099 40
1331 2091 1339 2108 ‚
1372 2059 1448 2098 26:
1487 2059 1630 2097 Verres
1649 2058 1973 2097 calumniatores
1992 2068 2067 2107 ap-

248 2129 381 2170 Nolae
405 2130 443 2175 3,
472 2127 534 2168 lli.
568 2127 676 2166 Vide
698 2125 935 2164 Villoisonii
956 2123 1122 2163 Aneod.
1184 2122 1385 2173 ponebat;
1417 2119 1493 2160 ubi
1510 2120 1760 2171 Zumptius:
1797 2121 1976 2170 «Neque
1997 2130 2068 2158 ca-

251 2193 320 2230 Gr.
355 2192 404 2230 II.
437 2202 480 2241 p.
514 2190 608 2229 31¹6.
668 2190 779 2227 Voss
810 2186 865 2225 ad
895 2187 1012 2236 Virg.
1047 2187 1122 2224 Ge.

249 2256 296 2295 ξ),
331 2253 423 2293 403.
458 2254 501 2291 et
531 2250 688 2291 Jacobs
719 2251 855 2289 Lectt.
889 2249 1053 2287 Venus.
1078 2258 1120 2297 p.

251 2315 361 2362 380.3
414 2314 595 2364 Egregie
626 2312 844 2352 Ausonius
876 2312 916 2349 in
949 2308 1125 2349 Mosella

253 2376 354 2415 463:
401 2377 533 2415 Laeta
561 2386 732 2425 operum
762 2374 898 2424 plebes
925 2373 1129 2423 festinan-

250 2444 386 2488 {esque
428 2439 561 2478 coloni
617 2438 773 2477 I'erliee
819 2447 928 2475 nune
970 2445 1127 2473 summo

244 2505 498 2551 properant,
532 2511 640 2539 mmo
670 2499 814 2549 cleiuqe
843 2499 988 2545 dorse,
1028 2497 1128 2536 Cer—

250 2567 384 2603 tantes
400 2563 557 2602 stolidis
577 2561 849 2601 clamoribus:
880 2561 973 2598 inde
991 2560 1130 2598 viator

1189 2186 1460 2225 lumniatores
1503 2183 1866 2234 (calumniatorem
1910 2181 2063 2222 Lamb.

1189 2250 1232 2288 in
1277 2247 1465 2298 Repett.)
1512 2244 1816 2295 reprehendo,
1864 2245 2067 2295 quamvis

1190 2320 1304 2349 unus
1344 2310 1514 2347 tantum
1553 2307 1703 2354 fuerit;
1750 2306 1910 2346 dicitur
1948 2307 2068 2346 enim

1191 2369 1380 2421 augendi
1425 2379 1604 2409 causa.»
1662 2368 1729 2408 Ad
1772 2367 1944 2418 lusum,
1992 2369 2066 2419 qui

1192 2435 1259 2474 est
1287 2434 1331 2472 in
1358 2431 1508 2472 verbis
1537 2442 1653 2482 reyes
1670 2454 1694 2460 -
1713 2453 1736 2460 -
1754 2432 1917 2482 Reqem,
1950 2429 2065 2470 conf.

1193 2497 1283 2536 Cic.
1318 2495 1375 2534 ad
1404 2495 1488 2534 Att.
1521 2494 1570 2541 4,
1611 2493 1687 2540 46,
1730 2493 1778 2533 8;
1827 2494 2066 2543 Quousque,

1190 2558 1326 2607 inquit
1356 2555 1590 2607 (Clodius),
1623 2556 1731 2594 hunc
1758 2566 1932 2606 regem
1959 2555 2068 2605 fere-

250 2626 457 2676 Riparum
475 2624 655 2663 subiecta
685 2628 840 2670 terens,
872 2622 965 2659 hinc
984 2622 1131 2659 navita
1160 2601 1162 2653 l
1191 2618 1312 2658 mus?
1336 2639 1379 2645 —
1409 2620 1609 2667 «Reqem
1639 2617 1845 2666 appellas,
1876 2617 2066 2666 inquam,

253 2688 408 2734 labens,
447 2686 605 2725 Probra
635 2688 789 2723 canunt
823 2683 924 2722 seris
954 2682 1129 2721 cultori-

254 2751 349 2797 bus;
381 2750 579 2798 adstrepit
610 2749 699 2787 ollis
726 2749 779 2786 El
810 2758 932 2796 rupes
961 2750 997 2785 et
1026 2746 1131 2784 silva

252 2818 428 2852 trentens
456 2816 492 2851 et
523 2821 728 2850 concavus
748 2810 895 2848 amnis.
925 2831 969 2835 —
995 2808 1130 2847 Grae-

1161 2715 1163 2724 s
1193 2692 1287 2719 cam
1318 2680 1381 2730 (Q.
1416 2678 1609 2729 Martius)
1641 2680 1755 2718 Rex
1797 2679 1858 2718 tui
1894 2679 2070 2718 mentio—

1195 2754 1285 2782 nem
1318 2742 1372 2791 (in
1403 2742 1671 2780 testamento
1702 2741 1796 2790 suo)
1826 2741 1988 2780 nullam
2013 2741 2071 2792 fe-

1162 2854 1164 2858 ·
1193 2803 1352 2845 ceritn?
1385 2827 1429 2831 —
1462 2803 1533 2842 Ille
1563 2806 1701 2842 autem
1730 2803 1881 2854 Reyis
1908 2803 2069 2842 heredi-

254 2874 338 2924 rus]
371 2876 415 2912 ut
448 2872 565 2918 talis,
616 2873 748 2911 homo
778 2871 901 2910 vafer
930 2881 981 2908 ac
1019 2868 1131 2920 lepi-
1162 2865 1165 2916 ᾖ
1195 2874 1320 2909 tatem
1355 2879 1423 2918 spe
1461 2868 1701 2906 devorarat.
1740 2891 1782 2894 —
1816 2878 2026 2916 operum·
2048 2889 2069 2894 —

257 2936 364 2982 dus,
396 2947 483 2974 uno
514 2935 631 2974 dicto
665 2933 786 2973 facile
821 2933 1034 2972 rusticum
1065 2933 1132 2970 at-
1163 2917 1165 2964 !
1195 2931 1381 2981 tuorum]
1429 2940 1590 2976 unum3
1639 2929 1749 2969 «hoe
1787 2930 1828 2969 te
1866 2940 1971 2970 sane
2003 2928 2070 2968 di·-

258 3010 344 3048 que
367 2998 589 3037 inficetum
615 2997 918 3036 adversarium
943 2995 996 3034 ‹lc
1016 2996 1130 3034 statu
1163 2968 1166 3027 l
1197 3004 1330 3043 gnum
1362 2995 1470 3031 cst.»
