2231 3787
855 255 951 294 ΜΒ.
987 256 1034 294 11.
1098 256 1259 295 EPIST.
1295 258 1323 296 1.
1899 256 2001 308 543

718 387 1328 436 EXCURSUS
1398 391 1469 434 ΙΙ.

769 502 831 539 An
864 501 978 539 EPP.
1004 501 1053 539 ΙΙ.
1080 501 1109 539 Ι.
1132 511 1174 538 v.
1201 499 1279 539 1¹70
1300 510 1398 550 sqq.

286 600 511 640 Invenisse
550 601 656 640 mihi
701 601 853 640 videor
888 603 931 642 in
968 602 1035 641 his
1066 600 1297 641 versiculis
1327 600 1598 651 singularem
1628 602 1933 651 festivitatem,
1977 616 2001 642 a

177 667 316 717 nullo,
365 670 484 720 quod
529 672 693 720 sciam,
736 671 882 711 adhuc
927 671 1300 712 animadversam.
1363 673 1452 711 Cur
1493 673 1587 724 ipse
1631 673 1835 713 Horatius
1872 674 2002 714 Plau-

177 741 269 779 tum
313 740 432 779 haud
475 742 605 781 nimis
651 741 896 782 admiratus
941 743 1016 791 sit,
1063 743 1126 783 sic
1167 743 1272 782 satis
1310 745 1431 782 recte
1464 743 1666 795 exposuit
1694 744 1782 783 iam
1813 743 2002 783 Klotzius

177 810 314 850 Lectt.
347 811 456 850 Ven.
490 822 533 862 p.
567 811 695 851 4455
745 812 904 859 «Quod
934 811 1157 853 Plautinos
1187 812 1363 864 lepores
1395 824 1482 852 non
1512 813 1673 865 probat
1702 815 1905 854 Horatius
1937 815 1998 865 (Α.

177 883 221 920 Ρ.
245 892 287 920 v,
312 881 447 929 ew),
481 892 569 921 non
601 883 751 921 miror.
815 882 959 922 Credo
992 894 1078 922 non
1100 882 1280 934 probari
1304 894 1382 922 eos
1404 884 1599 935 potuisse
1632 895 1684 924 eo
1707 884 1883 934 seculo,
1914 896 2002 936 quo

178 952 241 990 tot
272 950 496 1001 elegantes
526 953 699 993 venusti
729 951 942 1004 politique
972 953 1177 993 homines
1207 953 1440 1000 vivebant,
1474 966 1557 994 nec
1589 953 1644 994 ab
1668 966 1746 1003 e0,
1780 956 1874 1006 qui,
1909 956 2002 995 sive

178 1021 297 1072 quod
327 1024 509 1073 Augusti
540 1022 759 1062 dictorum
790 1024 982 1062 maxime
1015 1023 1163 1074 cupidi
1195 1024 1364 1063 amicus
1397 1027 1514 1072 erat,
1549 1026 1641 1064 sive
1673 1025 1792 1076 quod
1824 1024 2005 1076 elegan-

176 1092 285 1132 tiore
318 1104 427 1132 aevo
460 1096 610 1143 natus,
660 1093 1003 1144 elegantioribus
1049 1095 1181 1133 etiam
1226 1094 1332 1133 iocis
1375 1093 1584 1134 delectari
1613 1094 1804 1134 volebat.
1866 1094 2003 1135 Plauti

175 1174 281 1203 vero
312 1162 511 1215 lepores,
546 1176 633 1204 non
665 1164 811 1204 dicam
843 1175 1023 1213 omneS‚
1058 1164 1138 1204 sed
1168 1163 1345 1216 plurimi
1375 1167 1550 1214 tamen,
1584 1164 1750 1204 facilius
1770 1164 2001 1217 populum,

176 1232 523 1278 multitudinem,
557 1233 841 1275 mulierculas
863 1233 1169 1283 oblectabant,
1204 1246 1339 1286 quam
1361 1236 1479 1274 viros
1503 1235 1657 1275 doctos
1677 1246 1784 1274 vere
1805 1234 2003 1275 urbanos

174 1303 350 1355 lepores
396 1307 722 1356 exspectantes.
784 1305 869 1345 Illis
911 1306 1041 1356 igitur
1077 1305 1184 1345 dum
1222 1307 1436 1345 inservire
1468 1306 1589 1357 cupit
1620 1306 1848 1353 Comicus,
1896 1305 2005 1346 dum

175 1374 519 1416 inverecundius
547 1377 687 1416 risum
720 1378 888 1427 captat,
936 1377 1042 1416 dum
1084 1376 1393 1417 immodestior
1421 1376 1602 1427 profuso
1633 1376 1807 1416 iocandi
1838 1385 2003 1426 genere

175 1445 334 1495 utitur,
368 1457 452 1485 nec
481 1447 615 1486 vitata
646 1458 749 1486 cum
770 1458 922 1486 rerum
943 1450 1038 1486 tum
1060 1446 1302 1486 verborum
1326 1446 1596 1498 turpitudine
1618 1448 1661 1486 et
1682 1446 2001 1495 obscoenitate,

175 1518 223 1555 ut
265 1516 447 1556 tandem
491 1516 659 1566 dicam,
709 1517 828 1568 quod
864 1518 1053 1556 reticere
1095 1516 1257 1557 diutius
1288 1528 1376 1556 non
1405 1528 1616 1568 possum,
1664 1517 1772 1557 dum
1802 1527 2004 1557 scurram

174 1587 261 1637 agit
291 1598 429 1639 saepe
461 1586 743 1636 illiberalem,
779 1589 989 1638 expertus
1022 1590 1090 1627 est
1119 1587 1234 1634 fere,
1269 1587 1390 1639 quod
1422 1589 1489 1628 est
1518 1588 1559 1626 in
1589 1586 1850 1638 proverbio:
1882 1583 2006 1625 Πολ-

175 1656 277 1708 λοῖς
306 1654 528 1715 ἀρέσκειν
559 1657 661 1698 ἐστὶ
692 1661 872 1708 σοφοῖς
903 1652 1238 1715 ἀπαρέσκειν.»

286 1730 452 1770 Verum
484 1741 589 1770 ecce
622 1730 856 1769 Suetonius
889 1730 980 1768 Oct.
1015 1729 1088 1769 89:
1135 1730 1367 1781 Augyzcstus,
1410 1730 1574 1780 inquit,
1609 1729 1736 1779 plane
1760 1730 2004 1778 poematum

175 1811 337 1850 quoque
364 1813 448 1840 non
477 1801 716 1850 imperitus,
750 1800 1035 1840 delectabatur
1063 1802 1189 1839 eliam
1217 1800 1430 1840 comoedia
1457 1801 1586 1839 veleri
1613 1804 1651 1839 el
1678 1809 1799 1849 saepe
1820 1809 1913 1837 eam
1934 1809 2007 1837 ex-

174 1871 302 1911 hibuit
325 1871 504 1921 publicis
531 1871 788 1921 spectaculis.
849 1870 1113 1911 Tacentibus
1146 1872 1331 1919 ceteris,
1380 1881 1492 1921 quos
1522 1870 1632 1919 vidi,
1666 1867 2000 1920 interpretibus,

177 1941 469 1982 Casaubonus
500 1943 545 1981 et
573 1942 858 1981 Ruhnkenius
889 1952 1047 1981 secure
1080 1944 1307 1992 exponunt
1327 1941 1382 1981 de
1412 1942 1557 1992 prisca
1581 1939 1814 1979 comoedia
1833 1939 2000 1986 Attica;

177 2013 256 2052 sed
300 2024 446 2052 nonne
477 2013 562 2051 hoc
590 2023 777 2063 prorsus
807 2011 1068 2052 incredibile
1100 2014 1190 2060 est,
1238 2013 1403 2051 Romae
1433 2011 1617 2061 Augusti
1647 2012 1790 2050 aetate
1822 2009 2001 2057 Cratini,

175 2081 423 2133 Eupolidis,
469 2082 776 2133 Aristophanis
820 2081 991 2122 fabulas
1035 2081 1224 2133 publicis
1268 2080 1533 2133 spectaculis
1577 2091 1747 2131 saepe
1786 2078 2002 2119 exhibitas

176 2155 313 2193 esse‘?
362 2151 546 2201 Qualem
579 2153 719 2201 enim,
765 2163 954 2202 quaeso,
994 2150 1339 2190 delectationem
1370 2163 1422 2190 ex
1454 2161 1506 2190 eo
1538 2161 1701 2200 genere
1733 2151 1935 2200 quamvis
1965 2153 2005 2189 et

174 2223 330 2275 girandi
359 2227 396 2263 el
425 2223 603 2273 eleganti
632 2227 669 2261 et
697 2226 865 2261 venusto
898 2220 1088 2271 (Quintil.
1115 2222 1184 2270 40,
1211 2222 1254 2268 4,
1280 2220 1362 2270 65.)
1395 2220 1572 2259 haurire
1603 2220 1822 2271 potuisset
1850 2219 2006 2271 plebe-

177 2293 296 2343 cula,
331 2293 402 2333 cui
430 2292 545 2332 vela
575 2293 774 2344 principe
806 2292 1140 2332 inserviendum
1162 2292 1286 2330 erat?
1337 2290 1471 2340 Quid,
1507 2289 1623 2341 quod
1649 2289 1877 2329 dumtaxat
1897 2291 2000 2330 viris

178 2364 382 2414 eruditis,
431 2364 505 2416 qui
549 2363 709 2403 crebro
747 2365 881 2413 atque
917 2364 1125 2402 accurate
1168 2363 1211 2400 et
1248 2359 1342 2400 illos
1374 2362 1418 2400 et
1448 2362 1641 2400 Graecos
1674 2371 1831 2400 eorum
1861 2361 2002 2400 inter-

175 2437 325 2488 pretes
355 2433 673 2486 perlegissent,
705 2434 748 2473 in
781 2444 966 2473 scenam
999 2433 1145 2472 denuo
1175 2431 1379 2483 producti
1408 2429 1586 2482 placere
1607 2432 1848 2482 poterant?
1886 2432 2005 2479 Quo-

177 2507 294 2546 circa
340 2516 421 2556 ego
466 2504 679 2555 equidem
722 2504 992 2555 interpretor
1032 2503 1088 2543 de
1118 2493 1271 2542 vetere
1302 2501 1535 2541 comoedia
1565 2502 1739 2550 Latina,
1786 2502 2001 2552 imprimis

178 2576 334 2617 fabulis
365 2575 503 2616 Plauti
535 2577 578 2614 et
600 2573 778 2614 Caecilii
799 2575 939 2622 Statii,
974 2573 1160 2613 fortasse
1183 2573 1316 2612 etiam
1336 2574 1462 2612 Attae
1486 2573 1529 2612 et
1548 2573 1792 2620 Dossenni,
1826 2583 1937 2622 quos
1958 2572 2003 2611 in

178 2649 260 2687 hac
302 2645 488 2698 epistola
520 2646 723 2685 Horatius
755 2645 918 2696 carpit,
951 2644 1064 2684 adeo
1094 2645 1143 2682 ut
1168 2644 1300 2694 poeta
1328 2642 1401 2681 hic
1431 2642 1584 2682 festive
1615 2643 1785 2682 iocatus
1815 2643 1869 2682 sit
1899 2652 2003 2682 cum

177 2719 373 2769 Augusto
404 2718 564 2756 horum
599 2716 873 2756 comicorum
909 2716 1130 2760 amatore,
1164 2715 1313 2753 certus
1349 2713 1528 2752 omnino
1564 2712 1678 2760 fore,
1710 2714 1759 2751 ut
1791 2712 2001 2763 princeps

179 2790 288 2840 ipse,
320 2788 403 2826 hos
432 2786 677 2827 versiculos
709 2797 812 2825 cum
840 2785 1031 2837 legeret,
1064 2783 1338 2832 subrideret,
1373 2783 1628 2822 amicissimi
1661 2784 1820 2834 po‘etae
1852 2782 2001 2822 diver-

179 2869 276 2898 sam
307 2858 591 2906 sententiam,
625 2868 762 2908 quam
792 2868 846 2896 ex
877 2854 1108 2906 colloquiis
1130 2865 1234 2894 cum
1264 2865 1317 2893 eo
1348 2853 1509 2893 habitis
1538 2852 1724 2905 pulchre
1754 2854 1843 2894 iam
1863 2864 2002 2893 nove-

178 2931 261 2976 rat,
300 2926 372 2968 hic
408 2939 563 2969 rursus
600 2928 874 2980 propositam
903 2925 1076 2966 videns.
1137 2925 1207 2965 Sic
1238 2925 1331 2964 sine
1363 2923 1449 2964 ulla
1479 2924 1722 2964 offensione
1753 2925 1840 2964 Sat.
1870 2925 1914 2974 4,
1951 2923 1996 2972 3,

179 2999 219 3040 4.
251 2998 423 3038 urbane
453 2997 627 3038 vellicat
657 2999 896 3038 Caesarem
928 3006 1083 3045 suum,
1116 2996 1268 3046 utpote
1298 2995 1373 3046 qui
1401 2993 1582 3046 Tigellii,
1617 2996 1807 3036 cantoris
1834 2995 1999 3035 morosi

180 3072 314 3121 atque
345 3070 612 3120 arrogantis,
645 3068 968 3120 impudentiam
998 3065 1102 3106 olim
1132 3066 1262 3106 nimis
1290 3066 1510 3117 patienter
1538 3064 1723 3106 tulisset.
