2231 3787
221 243 322 295 458

827 246 1041 285 HORATII
1072 245 1439 288 EPISTOLARUM

292 377 553 429 Strenuus
592 384 645 428 et
682 375 829 428 sortis
868 377 1156 448 causisque
1195 375 1469 446 Philippus
1509 375 1730 446 agendis

293 476 479 530 Clarus
519 475 585 529 ab
624 476 812 531 officiis
851 487 1094 531 octavam
1133 478 1345 531 circiter
1381 475 1568 529 horam

294 580 434 630 Dum
473 577 612 632 redit
651 588 811 650 atque
853 581 988 631 Foro
1029 579 1249 630 nimium
1288 577 1487 631 distare
1527 578 1746 632 Carinas

293 682 401 734 lam
441 679 658 751 grandis
697 689 821 733 natu
862 680 1127 750 queritur,

219 928 293 963 (je.
319 924 362 964 2.
398 924 488 962 0225.
542 921 619 962 Alii
650 923 796 962 minus
818 924 938 961 recte
964 923 1098 961 «otio-

218 996 341 1025 sumu
375 983 606 1035 explicant.
668 983 730 1024 Cf.
769 983 847 1023 Od.
887 985 931 1030 Ξ,
978 984 1025 1031 6,
1072 985 1096 1023 5

217 1059 314 1098 sqq.
359 1069 403 1074 —
439 1046 607 1096 imbelle]
651 1045 750 1084 «ubi
792 1046 935 1085 omnia
977 1049 1098 1085 tran-

217 1108 348 1161 quilla
380 1113 479 1148 sunt
512 1112 554 1148 et
583 1107 800 1160 placata.»
852 1109 939 1147 Sat.
968 1110 1012 1147 Ξ.
1046 1107 1095 1156 4,

217 1172 291 1212 34:
327 1172 445 1211 molle
468 1172 705 1211 Tarentum.
746 1172 896 1210 Iuven.
922 1171 968 1218 6,
994 1170 1095 1210 296:

215 1234 376 1273 Miletos
403 1235 534 1282 Atque
563 1238 809 1272 coronatum
838 1238 875 1272 et
907 1233 1100 1283 petulans

215 1297 509 1345 madidumque
551 1296 786 1335 Tarentum.
851 1296 1008 1335 Athen.
1044 1293 1095 1341 4,

216 1360 290 1398 61:
323 1355 378 1397 τὸ
410 1356 503 1398 τῶν
532 1356 727 1398 ἰδιωτῶν
764 1356 1096 1415 (Ταραντίνων)

216 1418 402 1472 πλῆθος
444 1417 519 1460 ἀεὶ
564 1422 668 1478 περὶ
717 1421 980 1470 συνουσίας
1017 1418 1097 1458 καὶ

217 1496 394 1534 :torci-g
423 1496 566 1524 εστιν.

270 1545 417 1586 46-51.
464 1546 666 1585 Strenuus
704 1545 805 1596 cet.]
840 1545 959 1585 Haec
991 1555 1098 1583 nar-

215 1607 461 1648 ratiuncula
492 1611 549 1648 ita
581 1620 684 1648 cum
720 1606 1096 1660 praecedentibus

217 1673 515 1712 connectitur.
549 1674 598 1711 ut
626 1669 781 1710 Volteii
804 1668 1008 1721 exemplo
1031 1680 1098 1709 sa-

215 1734 268 1774 tis
308 1732 454 1785 lepido
494 1733 775 1774 demonstret
813 1733 959 1771 w'rum
987 1742 1097 1783 pru-

216 1795 418 1842 dentem,
451 1795 527 1835 ubi
560 1806 666 1836 casu
688 1795 833 1846 aliquo
857 1793 1098 1833 collocetur

216 1859 259 1897 in
280 1861 397 1897 statu
419 1869 524 1898 suae
546 1858 793 1898 condicioni
814 1860 946 1907 atque
973 1857 1098 1906 inge-

216 1921 287 1960 nio
312 1922 457 1960 minus
483 1922 797 1967 conveniente,
835 1920 966 1958 etiam
995 1929 1097 1957 cum

216 1994 305 2022 non
334 1981 420 2022 levi
451 1983 617 2021 iactura
649 1993 701 2021 ex
734 1992 786 2021 eo
818 1992 917 2021 sese
959 1981 1094 2019 extri-

216 2047 422 2085 caturum
439 2056 553 2091 esse.
579 2055 666 2095 quo
685 2045 824 2095 magis
841 2043 922 2083 sibi
944 2046 1095 2094 aptum

216 2110 419 2158 occupet.
480 2107 613 2147 Totus
651 2110 799 2146 autem
831 2106 961 2145 huius
991 2115 1096 2143 nar-

215 2170 394 2209 rationis
435 2171 564 2208 tenor
602 2179 788 2220 prorsus
824 2179 896 2207 me
937 2167 1095 2206 admo-

216 2234 289 2271 net
326 2232 630 2270 narrationum
668 2231 894 2271 Machonis
938 2229 1093 2268 comici

216 2296 258 2333 et
296 2294 492 2344 magistri
531 2293 836 2344 Aristophanis
870 2302 1094 2343 gramma—

215 2357 308 2403 tici,
341 2366 452 2406 quas
474 2366 526 2395 ex
548 2356 775 2395 Athenaeo
797 2354 968 2405 collegit
990 2355 1095 2393 Gro-

215 2419 299 2458 tius
321 2418 424 2457 Exc.
449 2428 493 2469 p.
521 2417 615 2458 849.
650 2417 819 2457 Eadem
841 2417 959 2456 enim
980 2417 1092 2456 inest

214 2480 425 2520 festivitas
442 2491 494 2519 ac
509 2479 648 2532 lepos.
681 2478 966 2520 Confundunt
986 2489 1095 2518 non-

214 2541 319 2582 nulli
347 2543 614 2594 interpretes
644 2544 691 2582 L.
713 2543 926 2582 Marcium
942 2542 1094 2592 Philip-

210 2616 313 2655 pum
347 2603 486 2644 filium
523 2615 614 2645 cos.
649 2616 688 2644 a.
722 2616 765 2644 u.
799 2616 836 2644 c.
872 2604 983 2651 698.,
1018 2604 1093 2654 qui

212 2668 393 2706 xitricus
423 2667 500 2706 fuit
528 2668 732 2718 Augusti,
766 2677 869 2707 cum
899 2667 992 2706 eius
1013 2677 1094 2717 pa-

215 2732 279 2767 tre
319 2730 578 2779 cognomine
621 2739 714 2769 cos.
756 2740 794 2768 a.
829 2740 872 2768 u.
906 2739 944 2768 c.
977 2727 1090 2775 663„

215 2789 269 2828 de
292 2801 380 2840 quo
409 2789 605 2841 loquitur
635 2791 853 2831 Horatius.
888 2791 951 2831 Cf.
975 2791 1094 2830 Ono-

214 2854 450 2891 masticum
480 2863 632 2892 meum
663 2853 754 2892 Cic.
783 2863 826 2904 p.
860 2851 953 2892 384.
1003 2852 1093 2891 No-

215 2917 285 2952 tus
328 2916 478 2953 autem
523 2917 649 2965 pater
685 2917 780 2954 erat
825 2916 868 2954 et
912 2914 1094 2965 propter

215 2973 514 3025 eloquentiam
544 2979 587 3015 et
625 2979 808 3027 propter
837 2974 996 3015 multas
1026 2975 1092 3014 fa-

215 3038 372 3085 cetias,
414 3049 500 3077 non
538 3039 644 3078 item
677 3038 807 3078 filius.
858 3039 951 3078 Iam
980 3039 1093 3077 inter

214 3097 327 3139 illius
356 3100 731 3152 apophthegmata
761 3101 873 3140 haec
913 3110 1089 3150 quoque

216 3161 395 3201 historia
429 3164 624 3201 aetatem
660 3161 820 3201 tulerat
856 3172 998 3212 usque
1035 3162 1091 3201 ad

216 3223 458 3263 Horatium.
485 3246 529 3251 —
551 3223 683 3275 fortis]
717 3224 889 3276 Optime
912 3224 1006 3264 eius
1031 3225 1093 3264 in-

215 3283 361 3325 dolem
401 3285 637 3325 adumbrat
688 3286 754 3325 his
803 3285 953 3326 verbis
998 3287 1088 3327 Cic.

215 3346 270 3386 de
301 3348 417 3387 Orat.
450 3347 499 3396 3,
538 3349 578 3395 l,
617 3347 663 3388 4:
715 3347 869 3387 homini
898 3352 934 3388 et
970 3349 1091 3389 vehe-

213 3410 339 3449 menti
368 3414 404 3450 et
433 3411 583 3450 diserto
612 3410 878 3463 ecjnprimis
905 3409 1006 3460 sorti
1035 3412 1091 3450 ad

215 3473 505 3522 resistendum,
558 3472 752 3523 Philippo.
839 3473 911 3513 Est
961 3474 1090 3524 igitur

1171 679 1473 750 conspexit,
1515 688 1572 732 ut
1610 680 1776 737 aiunt,

1162 926 1354 961 strenuus
1387 931 1593 973 «semper
1620 922 1663 962 in
1691 922 1835 962 causis
1861 922 2043 973 agendis

1164 985 1467 1035 occupatu53»
1512 984 1652 1034 fortis,
1700 985 1958 1026 «animosus
2001 987 2045 1025 et

1162 1044 1335 1085 validus
1384 1045 1440 1085 ad
1488 1046 1787 1086 resistendum
1831 1046 2045 1088 adversa-

1164 1110 1287 1155 riis»,
1327 1109 1472 1159 potius
1511 1119 1645 1159 quam
1682 1109 1726 1148 in
1764 1120 1813 1149 re
1850 1108 2040 1152 militari.

1165 1172 1296 1210 Recte
1312 1172 1463 1209 tamen
1481 1169 1700 1210 Obbarius
1717 1170 1912 1220 adnotat,
1930 1172 2043 1212 haec

1164 1232 1252 1272 duo
1283 1232 1500 1271 adiectixa
1530 1243 1610 1283 pro
1642 1231 1767 1273 solita
1798 1235 1925 1284 quasi
1949 1233 2044 1274 lau-

1164 1294 1229 1334 dis
1261 1293 1445 1333 formula
1477 1295 1636 1334 usitata
1658 1294 1807 1335 fuisse.
1857 1296 1949 1335 Liv,
1972 1297 2040 1345 2⁴,

1164 1356 1210 1397 4:
1243 1356 1313 1395 ubi
1343 1357 1442 1406 quid
1469 1357 1636 1407 fortiter
1665 1368 1716 1396 ac
1736 1361 1900 1398 strenue
1919 1369 2045 1409 ayen-

1162 1420 1261 1458 dum
1304 1423 1415 1459 esset.
1490 1420 1659 1458 Seneca
1702 1420 1836 1471 Epist.
1873 1420 1947 1469 77,
1993 1421 2040 1460 5:

1161 1482 1326 1520 Amicus
1365 1484 1503 1520 noster
1541 1481 1726 1531 Stoicus,
1772 1483 1892 1522 homo
1924 1493 2045 1534 cyre-

1161 1544 1254 1594 9ius
1283 1548 1344 1593 et,
1377 1547 1422 1582 ut
1447 1543 1583 1583 verbis
1611 1545 1746 1594 illum,
1781 1545 1927 1595 quibus
1954 1546 2045 1585 lau-

1162 1606 1258 1645 dari
1287 1607 1436 1657 clifflzus
1463 1611 1543 1656 est,
1588 1607 1775 1656 laudem,
1819 1608 1888 1647 vir
1924 1607 2045 1659 fortis

1162 1680 1212 1708 ac
1231 1672 1437 1708 strenuus.
1491 1668 1613 1709 Conf.
1638 1668 1695 1708 ad
1714 1668 1793 1708 Od.
1817 1668 1864 1718 4,
1894 1668 1941 1717 4,
1972 1669 2040 1709 29.

1165 1754 1211 1759 —
1252 1735 1446 1770 octavam
1489 1731 1655 1770 circiter
1697 1731 1868 1783 horam]
1914 1730 2043 1771 nobis

1161 1794 1277 1832 inter
1306 1792 1551 1832 secundam
1590 1795 1634 1832 et
1672 1793 1848 1832 tertiam
1883 1803 2045 1845 pome-

1161 1855 1391 1895 ridianam.
1415 1857 1557 1895 Locus
1573 1855 1810 1906 primarius
1827 1854 1882 1901 de
1898 1855 2044 1896 cuius-

1163 1929 1249 1968 que
1280 1918 1415 1957 horae
1442 1917 1736 1957 destinatione
1759 1920 1827 1958 est
1855 1915 2038 1957 Martial.

1162 1979 1208 2028 4,
1242 1980 1281 2019 8.
1337 1979 1520 2029 (Becker
1551 1979 1696 2019 Gallus
1724 1979 1794 2018 ed.
1825 1977 1897 2018 alt.
1919 1980 1971 2019 Π.
1995 1990 2038 2031 p.

1162 2042 1238 2080 297
1270 2042 1384 2092 sqq.)
1425 2064 1466 2069 -—
1494 2042 1603 2080 Foro
1622 2063 1646 2069 -
1666 2041 1821 2080 distare
1850 2040 2042 2090 Carinas]

1161 2104 1252 2151 Hic,
1287 2103 1363 2142 ubi
1392 2115 1434 2142 V.
1467 2104 1624 2143 distare
1652 2104 1879 2155 propriam
1907 2103 2044 2144 habet

1161 2166 1550 2217 significationem,
1582 2167 1674 2217 foro
1705 2168 1772 2206 est
1801 2165 2039 2215 ablativus;

1160 2231 1327 2277 contra,
1359 2228 1436 2268 ubi
1458 2228 1676 2279 significat
1697 2227 1923 2278 «differre,
1956 2227 2044 2269 dis-

1160 2302 1387 2343 crepare»,
1425 2292 1558 2331 etiam
1583 2291 1728 2332 dativo
1749 2293 1961 2343 iungitur,
1993 2292 2043 2330 ut

1158 2366 1198 2393 v.
1224 2353 1291 2394 23.
1324 2353 1403 2394 Od.
1428 2353 1475 2400 4,
1507 2354 1553 2403 9,
1577 2354 1645 2394 29.
1678 2355 1788 2406 Epp.
1812 2354 1856 2402 4,
1890 2352 1965 2402 48,
1997 2351 2036 2393 4.

1157 2417 1313 2456 Foru-m
1343 2418 1494 2456 autem
1524 2418 1619 2456 erat
1657 2417 1700 2456 in
1738 2415 1863 2458 Urbis
1892 2415 2040 2465 regio-

1158 2489 1214 2518 ne
1235 2478 1426 2529 septima
1445 2490 1452 2525 3
1487 2478 1692 2528 Carinae,
1714 2479 1840 2534 vicus
1860 2475 2040 2517 celeber

1158 2542 1346 2590 Romae,
1386 2541 1430 2580 in
1459 2541 1641 2591 regione
1679 2540 1769 2590 IV.,
1801 2539 1878 2580 ubi
1922 2541 2040 2579 tem-

1158 2603 1282 2657 plum
1317 2603 1397 2644 fuit
1433 2602 1636 2654 Telluris,
1683 2602 1819 2644 aedes
1861 2601 2039 2642 Iunonis

1159 2667 1376 2715 Sororiae,
1396 2665 1558 2706 domus
1576 2667 1624 2714 Q.
1646 2665 1889 2713 Ciceronis,
1912 2665 2039 2704 Pom-

1158 2729 1265 2780 peii,
1289 2727 1566 2779 aliorumque
1586 2728 1836 2778 principum
1858 2726 2034 2766 civium.

1163 2813 1207 2818 --
1238 2789 1463 2840 conspexit]
1498 2789 1630 2828 «IVas
1665 2790 1738 2829 der
1776 2789 1925 2828 Grund
1965 2789 2040 2828 der

1157 2856 1346 2902 erreqten
1400 2850 1773 2901 Ausmerksamkeit
1827 2861 2034 2902 9eweoen,

1156 2914 1228 2953 hat
1254 2914 1397 2952 Horaz
1425 2924 1482 2952 zu
1511 2924 1638 2965 sayen
1666 2913 1777 2953 nicht
1803 2913 1877 2964 fur
1893 2913 2036 2964 no'llziy

1156 2975 1366 3027 931ιαίιεη;
1395 2976 1478 3014 wir
1504 2976 1665 3016 konnen
1695 2987 1773 3015 uns
1800 2975 1901 3016 aber
1917 2975 2037 3016 leichc

1155 3038 1461 3088 hinzudenken‚
1507 3039 1602 3078 dass
1638 3049 1680 3078 es
1715 3039 1788 3078 der
1819 3037 2037 3078 Ausdruck

1157 3101 1229 3140 der
1256 3101 1558 3151 Zufriedenheit
1584 3111 1700 3150 war,
1739 3101 1812 3140 der
1845 3100 1929 3151 auf
1953 3100 2035 3140 sei-

1157 3174 1247 3203 nem
1265 3164 1446 3203 Gesichte
1464 3163 1689 3212 herrschce,
1710 3162 1910 3202 vielleicht
1927 3162 2037 3201 auch

1155 3226 1244 3266 eine
1261 3226 1479 3277 Mischuny
1506 3237 1588 3265 von
1608 3224 1932 3276 Gutmttthiykeit
1948 3225 2036 3264 und

1155 3289 1438 3340 creuherziyer
1466 3287 1723 3337 Schalkheit,
1755 3287 1822 3326 die
1848 3287 1922 3326 der
1938 3287 2036 3327 Nei-

1153 3363 1268 3402 9un9
1297 3351 1381 3390 und
1425 3350 1555 3390 Weise
1596 3350 1664 3390 des
1699 3349 1923 3390 Constaars
1954 3360 2035 3389 zu-

1154 3417 1312 3464 saqte.»
1362 3414 1523 3452 Licons.
1561 3434 1605 3440 —
1638 3415 1684 3451 ut
1720 3411 1852 3461 aiunt]
1892 3412 2034 3463 Signi-

1156 3474 1256 3515 ficat
1299 3475 1574 3516 notissimam
1608 3474 1848 3515 etiamtunc
1893 3474 2033 3515 histo-
