2231 3787
804 227 898 264 Llss.
936 227 963 264 1.

1028 226 1186 264 lil’lST.
1223 226 1251 262 l.

1840 218 1940 270 379

194 359 355 412 Vilius
397 367 675 429 argentum
715 366 795 411 est
834 373 992 414 auro,
1036 354 1319 407 virtutibus
1360 372 1566 406 aurum.

197 463 242 516 O
285 462 457 517 cives,
501 461 670 515 cives.
714 458 1027 529 quaerenda
1067 457 1296 528 pecunia
1334 456 1564 526 primum
1604 463 1708 519 est,

193 563 368 615 Virtus
408 571 528 633 post
567 579 830 614 nummos.

909 561 1054 613 Haec
1095 560 1252 611 Ianus
1294 574 1536 610 summus
1575 556 1642 609 ab
1685 556 1788 609 imo

193 663 488 721 prodocet,
532 663 665 717 haec
707 663 950 716 recinunt
990 662 1211 715 iuvenes
1251 659 1446 714 dictata
1485 676 1755 729 senesque
1877 659 1941 709 55

194 768 370 820 Laevo
411 766 661 836 suspensi
704 763 908 818 loculos
950 763 1295 835 tabulamque
1336 762 1551 816 lacerto.

181 933 224 940 —
261 921 452 958 senesque
495 913 531 949 et
575 910 711 949 Laevo
756 906 994 947 Markland.
1034 929 1075 934 —
1110 907 1176 946 56.
1211 906 1385 946 Habent
1429 906 1548 945 hunc
1586 916 1767 945 versum
1799 905 1889 957 bSp

179 976 221 1014 et
258 984 414 1013 omnes
454 972 674 1011 Pottierii:
724 972 919 1020 Guyeto,
968 969 1311 1020 Cuninghamio,
1360 969 1592 1009 Sanadono
1636 968 1890 1009 auctoribus

180 1047 283 1076 eum
314 1035 525 1087 expunxit
554 1035 609 1074 M.

123 1159 234 1194 ctum
267 1153 333 1204 (al.
358 1152 530 1203 iactum)
562 1152 671 1202 quod
698 1155 848 1190 vocant
881 1145 1000 1189 ἀκο-
1031 1149 1035 1174 ¹
1064 1141 1096 1206 ᾖ
1126 1147 1235 1199 βίος
1266 1143 1373 1202 ἤδη.
1425 1150 1488 1189 De
1512 1160 1599 1200 quo
1622 1148 1739 1188 dicto
1761 1148 1838 1188 cfr.
1864 1159 1944 1189 nos

125 1217 212 1257 ιἰτὶ
244 1216 352 1255 vicit.
414 1213 643 1266 Olympica
673 1216 822 1253 autem
858 1213 1001 1252 victo-

124 1281 187 1319 ria
253 1276 628 1329 aequiparabatur
698 1278 1000 1316 Romanorum

124 1341 364 1392 triumpho.
419 1363 463 1367 —-
508 1339 700 1389 palmae]
750 1339 917 1380 Vitruv.
959 1337 998 1376 9.

124 1404 282 1445 praet:
315 1402 527 1442 Nobilibus
548 1402 729 1450 athletis,
763 1402 834 1451 qui
865 1401 1002 1450 Olym-

121 1468 218 1517 pia,
254 1466 427 1516 Pythia,
466 1465 661 1513 Isthmia,
694 1465 851 1504 Nemea
878 1464 1003 1503 vicis-

123 1533 227 1578 sent,
261 1529 520 1569 Graecorum
550 1527 728 1567 maiores
751 1527 809 1566 ita
828 1537 1005 1577 magnos

124 1593 296 1631 honores
324 1591 648 1639 constituerunt,
681 1590 741 1628 uti
771 1601 854 1628 non
881 1590 1003 1628 ‘modo

124 1656 168 1694 in
196 1658 397 1694 conventu
423 1657 577 1693 stantes
595 1665 690 1692 cum
715 1654 860 1703 palma
882 1656 918 1692 ct
938 1664 1005 1691 co-

123 1730 232 1758 rona
257 1718 397 1768 ferant
425 1717 587 1766 laudes,
628 1718 697 1756 sect
725 1717 878 1764 ctiam,
911 1727 1004 1755 cum

124 1784 391 1821 revertantur
418 1781 462 1819 in
491 1791 589 1819 suas
617 1779 803 1818 civitates
832 1790 926 1818 cum
945 1779 1006 1818 vi—

125 1843 286 1892 ctoria,
346 1843 647 1892 trimnphantes
695 1841 915 1892 quadi-5953
961 1841 1005 1879 in«

124 1905 289 1945 moenia
325 1909 362 1944 et
406 1906 450 1944 in
486 1905 656 1954 patrias
698 1904 947 1943 invehantur
984 1914 1004 1942 c

124 1978 250 2017 reque
275 1967 445 2017 publica
471 1971 674 2016 perpetua
702 1967 790 2005 vita
810 1966 1007 2005 constitu-

126 2030 176 2069 tis
203 2029 471 2080 ·vecti9atibus
501 2029 716 2079 fruantur.

182 2093 328 2131 52-55.
382 2092 509 2131 Vilius
529 2091 632 2142 cet.]
665 2092 726 2131 Ex
751 2102 876 2131 more
900 2092 1008 2130 Stoi-

129 2165 283 2193 corum
342 2155 468 2204 quasi
526 2150 655 2209 παρὰ
711 2151 1006 2210 προσδοκίαν

130 2217 263 2256 iniicit
293 2214 602 2255 sententiolam
632 2227 714 2267 per
744 2227 817 2264 se,
855 2218 904 2255 ut
939 2217 1007 2254 vi—

130 2280 280 2326 detur,
328 2279 383 2317 ita
426 2276 590 2317 claram
632 2280 676 2317 et
719 2280 913 2326 certam,
960 2279 1008 2316 ut

131 2351 262 2381 nemo
293 2341 472 2380 omnino
504 2351 606 2379 eam
643 2351 805 2390 negare
844 2339 1004 2391 possit,

132 2412 322 2454 eamque
355 2400 458 2448 alia,
507 2401 587 2441 sed
628 2413 740 2452 quae
782 2401 917 2451 priori
948 2401 1007 2440 si-

132 2465 245 2505 milis
277 2467 361 2511 est,
396 2465 726 2516 comparatione
750 2464 897 2503 effert:
933 2464 1009 2503 «Ut

131 2527 330 2579 Olympia
381 2528 475 2566 sine
524 2528 768 2567 certamine
829 2527 1007 2566 vincere

132 2590 257 2641 longe
290 2592 484 2641 praestat
511 2591 720 2630 victoriae
752 2590 795 2629 in
827 2589 1009 2640 Compi-

133 2652 292 2693 talibus
324 2655 496 2704 partae,
540 2653 597 2692 ita
633 2653 807 2691 animus
838 2662 1008 2702 aequus

134 2714 298 2755 facilius
320 2715 377 2754 ad
407 2726 635 2756 summum
664 2714 835 2755 bonum
855 2725 1012 2765 perve-

133 2779 217 2826 nit,
264 2789 399 2828 quam
430 2789 564 2829 aeger
603 2789 655 2817 ac
697 2777 1008 2829 perturbatus3

134 2841 181 2878 ut
208 2838 334 2880 vilius
355 2842 458 2888 cet.,
493 2841 550 2879 ita
570 2840 709 2880 virtus
731 2839 858 2890 longe
881 2850 1013 2891 prae-

135 2903 220 2940 stat
248 2901 380 2940 etiam
408 2902 459 2941 iis
489 2902 617 2942 bonis
649 2903 863 2950 externis,
897 2912 1011 2953 quae

138 2962 278 3013 prima
322 2962 531 3003 mortales
571 2964 786 3004 ducunt.»
847 2963 1014 3004 Nihilo-

138 3024 284 3064 minus
304 3024 495 3064 eandem
515 3027 683 3083 κυρίαν
703 3022 849 3078 δόξαν
862 3057 873 3076 ,
897 3037 1012 3077 quae

139 3086 388 3126 certissima
428 3086 569 3127 videri
616 3090 816 3139 poterat,
869 3100 1014 3141 oppu-

138 3151 241 3199 gnat
261 3149 408 3200 opinio
421 3148 632 3200 volgaris,
657 3162 711 3190 ex
728 3154 881 3192 vetere
905 3162 1012 3192 sane

140 3211 355 3262 sapientia
392 3211 654 3262 Theognidis
684 3213 784 3253 699:
829 3212 1014 3265 Πλήθει

138 3270 173 3312 δ’
202 3268 470 3329 ἀνθρώπων
506 3269 650 3331 ἀρετὴ
680 3275 770 3326 μία
808 3276 1015 3328 γίγνεται

139 3329 240 3385 ἢδε,
270 3334 521 3376 Πλουτεῖν·
552 3334 646 3375 τῶν
675 3334 714 3375 δ’
744 3329 901 3376 ἄλλων
932 3333 1016 3379 οὗ·

140 3395 218 3438 δὲν
238 3393 307 3456 ἄρ’
330 3391 387 3450 ἢν
408 3394 601 3450 ὄφελος.
639 3398 910 3450 Phooylidis:
943 3398 1017 3439 Δι’-

1065 1212 1121 1252 ad
1153 1211 1258 1252 Plat.
1284 1212 1339 1251 de
1362 1213 1468 1263 Rep.
1492 1213 1562 1251 111.
1587 1223 1630 1263 p.
1656 1211 1749 1252 407.
1774 1214 1822 1252 Α.
1872 1213 1948 1251 So-

1065 1274 1211 1326 phoel.
1256 1276 1426 1325 Fragm.
1470 1274 1564 1314 325.
1608 1274 1759 1314 Dind.:
1802 1268 1946 1314 κᾶστι

1066 1334 1185 1394 πρὸς
1214 1333 1272 1377 τὰ
1294 1333 1523 1393 χρήματα
1546 1337 1776 1390 Θνητοΐσι
1797 1330 1947 1376 τᾶλλα

1065 1397 1276 1457 δεύτερα.
1338 1399 1569 1451 Euripides
1607 1400 1726 1451 apud
1767 1401 1944 1440 Lucian.

1067 1464 1174 1503 Tim.
1199 1462 1272 1503 44:
1300 1454 1358 1501 Ὦ
1387 1463 1559 1519 χρυσέ,
1592 1459 1800 1515 δεξίωμα
1829 1459 1947 1502 κάλ-

1067 1525 1231 1566 λιστον
1250 1524 1461 1583 βροτοῖς.
1504 1526 1667 1565 Contra
1689 1525 1808 1565 idem
1830 1525 1948 1576 apud

1068 1587 1378 1629 Philodemum
1399 1588 1454 1628 de
1476 1588 1708 1628 Rhetorica
1730 1587 1824 1627 Vol.
1843 1589 1951 1627 Her-

1069 1650 1152 1691 cul.
1185 1652 1235 1690 V.
1260 1662 1302 1702 p.
1328 1650 1400 1693 47:
1436 1645 1582 1691 Οὔτοι
1610 1648 1830 1704 νόμισμα
1851 1649 1950 1690 λευ-

1068 1711 1154 1765 κὸς
1202 1710 1410 1772 ἄργυρος
1456 1713 1612 1767 μόνον
1630 1746 1640 1764 ,
1698 1711 1820 1754 ἀλλὰ
1868 1714 1950 1754 καὶ

1068 1775 1214 1834 ἀρετὴ
1236 1777 1447 1834 βροτοῖς.
1477 1799 1521 1805 -
1546 1779 1674 1817 Ianus
1693 1788 1877 1817 summus
1898 1777 1950 1817 ab

1068 1841 1164 1893 imo]
1199 1841 1318 1892 quod
1340 1840 1423 1880 loci
1445 1841 1559 1880 inter
1579 1840 1690 1880 duos
1717 1842 1843 1880 Ianos
1866 1842 1948 1889 est,

1069 1904 1145 1944 ubi
1175 1904 1360 1954 negotiis
1378 1904 1468 1944 suis
1483 1903 1704 1943 vacabant
1733 1903 1953 1942 fenerato-

1070 1977 1158 2007 res.
1193 1966 1280 2006 Cfr.
1308 1967 1395 2005 Sat.
1424 1966 1472 2013 ⁶2,
1499 1965 1538 2014 3,
1566 1966 1631 2005 48.
1667 1967 1786 2005 Grut.
1810 1967 1948 2005 Inscr.

1071 2030 1164 2077 577,
1180 2029 1218 2068 ⁶2.
1250 2028 1328 2067 Hic
1349 2026 1495 2079 lepida
1512 2027 1838 2079 prosopopoeia
1856 2028 1950 2079 ipse

1070 2093 1199 2131 Ianus
1229 2090 1405 2130 medius
1428 2090 1623 2140 magistri
1645 2091 1794 2140 partes
1816 2091 1953 2129 susci-

1070 2155 1146 2205 pit.
1170 2176 1215 2181 —-
1227 2152 1437 2204 Prodocct]
1456 2155 1580 2193 Nunc
1598 2155 1665 2193 est
1679 2146 1809 2203 ἅπαξ
1825 2150 1954 2206 λεγο-

1070 2227 1237 2267 μενον;
1280 2214 1391 2255 «alta
1422 2226 1535 2255 voce
1568 2217 1611 2255 et
1641 2214 1789 2266 palam
1822 2214 1955 2255 docet

1074 2279 1181 2327 (sine
1230 2278 1545 2318 retractatione
1595 2279 1671 2317 aut
1717 2277 1951 2329 pudore).»

1072 2339 1271 2379 Verbum
1328 2336 1664 2395 προδιδάσκειν
1725 2338 1950 2390 (Sophocl.

1073 2403 1191 2441 Aiac.
1213 2401 1306 2440 463.
1326 2402 1480 2441 Trach.
1502 2402 1595 2442 684.
1616 2400 1796 2441 Philoct.
1815 2401 1951 2451 4045.)

1074 2463 1227 2504 callide
1258 2463 1315 2503 ad
1353 2465 1631 2504 Latinitatem
1661 2463 1838 2503 videtur
1871 2463 1953 2503 de-

1073 2528 1249 2567 flexisse
1281 2529 1425 2578 poeta.
1463 2550 1508 2555 —
1540 2526 1744 2577 recinunt]
1776 2526 1884 2576 Epp.
1912 2526 1950 2574 4,

1076 2590 1147 2639 48,
1182 2589 1253 2629 43;
1291 2590 1339 2629 Ut
1363 2601 1542 2639 puerum
1570 2600 1693 2628 saevo
1722 2589 1868 2628 credas
1888 2588 1954 2626 di-

1073 2656 1187 2692 ctata
1205 2653 1406 2703 magistro
1435 2653 1637 2699 Redderc,·
1668 2650 1744 2690 ubi
1774 2663 1815 2690 v.
1847 2661 1955 2702 pro-

1075 2716 1170 2767 prio
1196 2725 1306 2755 usus
1343 2716 1423 2754 est.
1486 2714 1574 2754 Cfr.
1606 2715 1695 2755 Cic.
1731 2713 1786 2753 de
1817 2714 1867 2752 N.
1899 2713 1950 2752 D.

1077 2779 1123 2827 4,
1156 2777 1233 2826 26,
1267 2778 1360 2824 72.;
1397 2776 1476 2818 sed
1508 2776 1628 2816 Idem
1659 2776 1714 2816 de
1746 2776 1866 2816 Finn.
1903 2773 1950 2822 4,

1075 2840 1125 2889 4,
1160 2840 1231 2880 4οῑ
1279 2841 1437 2880 dictata
1465 2841 1700 2880 decantare.

1131 2903 1198 2942 56.
1237 2903 1374 2942 Laevo
1404 2903 1507 2954 cet.]
1539 2902 1663 2942 Idem
1691 2910 1851 2940 versus
1891 2898 1955 2939 le-

1077 2959 1191 3016 gitur
1221 2965 1309 3004 Sat.
1335 2965 1381 3014 4,
1415 2965 1460 3012 6,
1494 2963 1580 3012 74.,
1613 2963 1689 3003 ubi
1710 2962 1826 3002 vide.
1876 2963 1958 3012 (In-

1076 3027 1255 3067 terdum
1277 3027 1411 3066 etiam
1429 3025 1633 3077 Virgilius
1655 3025 1840 3065 eosdem
1859 3035 1958 3063 ver-

1078 3100 1178 3138 sus,
1210 3088 1369 3129 leviter
1399 3090 1548 3128 tamen
1578 3089 1796 3136 mutatos,
1830 3097 1957 3137 repe-

1077 3154 1171 3193 tere
1202 3151 1336 3201 solet,
1368 3154 1418 3192 ut
1447 3154 1522 3192 Ge.
1547 3151 1590 3201 4,
1624 3151 1733 3192 4⁵20:
1786 3150 1957 3201 Coyitur

1076 3216 1200 3265 inque
1225 3215 1339 3254 sinus
1357 3215 1505 3254 scindit
1524 3225 1606 3254 sese
1623 3214 1731 3253 unde
1750 3214 1951 3252 reductos,

1079 3279 1123 3317 et
1151 3279 1260 3318 Aen.
1287 3278 1302 3316 4
1324 3309 1331 3325 ,
1366 3277 1437 3316 464
1462 3289 1468 3315 ;
1501 3277 1734 3327 Franqitur
1760 3276 1884 3323 inque
1903 3273 1956 3312 si·

1078 3351 1156 3380 nus
1186 3342 1271 3380 cet.
1324 3341 1399 3379 Ge.
1431 3339 1477 3388 4,
1509 3338 1614 3378 294:
1661 3337 1819 3387 Arquto
1855 3346 1956 3374 con-

1078 3402 1186 3442 iunx
1209 3401 1423 3452 percurrit
1447 3400 1608 3451 pectine
1632 3399 1747 3438 telas.
1781 3399 1825 3437 et
1844 3399 1951 3436 Aen.

141 3460 313 3514 ζησθαι
352 3459 545 3515 βιοτήν,
589 3457 764 3519 ἀρετὴν
792 3460 847 3510 δ’,
895 3456 1008 3503 ὅταν
1080 3465 1126 3512 7,
1163 3463 1231 3505 44;
1267 3464 1425 3515 Arquto
1456 3463 1588 3502 tenuis
1610 3471 1862 3511 percurrens
1885 3471 1955 3509 pe-
