2231 3787
234 229 300 279 86

302 357 579 410 Diss'ertum
621 358 792 410 nautis
815 401 822 418 ,

873 229 1086 269 IlORATII
1118 230 1417 271 SATIRARUM

865 358 1199 429 cauponibus
1240 367 1400 430 atque
1441 358 1698 430 malignis.

303 460 414 512 Hoc
454 458 552 512 iter
591 458 763 529 ignavi
804 458 1106 514 divisimus.
1150 461 1305 514 altius
1344 478 1406 514 30
1446 478 1542 513 1105
2014 463 2044 513 5

306 560 627 614 Praecinctis
660 578 850 617 unum:
892 561 1066 613 minus
1106 570 1186 614 est
1224 562 1400 632 gravis
1439 562 1610 632 Appia
1648 561 1827 615 tardis.

303 662 399 715 Hic
437 679 537 733 ego
577 670 796 732 propter
837 679 1055 732 aquam,
1098 662 1245 733 quod
1273 671 1386 715 erat
1425 662 1742 725 deterrima,
1783 664 1957 717 ventri

301 763 483 817 Indico
521 763 744 821 bellum,
787 772 1075 817 coenantes
1114 763 1258 816 haud
1296 763 1473 817 animo
1513 781 1689 835 aequo

1048 914 1070 927 μ,

339 914 377 953 6.
426 914 581 965 minus]
630 914 750 952 nimis
780 914 902 964 Sp,F.
956 936 994 943 —
1057 929 1086 953 1.

288 975 523 1015 Bentleius.

228 1104 343 1132 nunc
419 1091 583 1143 aliquot
665 1093 759 1133 eius
840 1093 1097 1144 parietinae.

229 1154 425 1203 gWalck.)
458 1178 501 1183 —
527 1155 751 1205 Differtum
768 1156 922 1206 nautis]
945 1155 1102 1195 Strabo

227 1219 266 1258 5
300 1217 339 1265 3,
366 1217 412 1256 6:
463 1216 681 1269 Πλησίον
700 1213 785 1270 τῆς
804 1212 1103 1275 Ταῇῥακινῆς

225 1277 463 1329 βαδίζοντι
504 1279 581 1319 εἶτὶ
615 1277 700 1332 τῆς
732 1276 919 1333 Ῥώμης
950 1292 1103 1337 παρα-

224 1341 453 1394 βέβληται
492 1337 548 1399 τῇ
582 1338 676 1396 ὁδῷ
708 1341 765 1400 τῇ
793 1338 960 1398 Ἀππίοις
990 1340 1101 1382 διῶ-

225 1402 311 1462 ρυξ
357 1407 450 1456 (per
492 1404 678 1456 paludes
723 1406 991 1457 Pomptinas)
1025 1405 1105 1446 ἐπὶ

227 1464 434 1517 πολλοὺς
465 1464 642 1517 τόπους
673 1465 981 1524 πληρουμένη
1003 1471 1104 1518 τοῖς

228 1529 399 1580 ἑλείοις
455 1543 504 1570 τε
560 1530 641 1569 καὶ
697 1535 796 1580 τοῖς
851 1532 1105 1583 ποταμίοις

230 1585 394 1633 ἱῖὂασι·
448 1591 633 1632 πλεῖται
676 1590 725 1632 δὲ
773 1589 987 1644 μάλιστα
1014 1593 1104 1645 μὲν

229 1651 429 1711 νύκτωρ,
455 1649 566 1694 ὥστ’
589 1650 833 1706 ἐμβάντας
853 1650 938 1704 ἀφ’
961 1654 1104 1696 ἑσπέ-

226 1731 312 1775 ρας
351 1715 591 1765 ἐκβαίνειν
628 1715 809 1774 πρωίας
846 1718 926 1757 καὶ
965 1716 1104 1766 βαδί-

229 1782 322 1830 ζειν
366 1776 420 1818 τὸ
466 1776 636 1819 λοιπὸν
670 1777 726 1836 ‘css'
771 1775 864 1834 ὁόᾦ
898 1778 967 1838 (τῇ
1001 1776 1105 1821 Ἀπ-

230 1844 344 1896 πίᾳ),
380 1838 502 1880 ἀλλὰ
532 1842 612 1881 καὶ
645 1842 753 1894 μεθ’
786 1838 986 1900 ἡμέραν·
1023 1840 1105 1900 ῥυ-

227 1902 480 1957 μουλκεῖό·
504 1900 742 1956 ἡμιόνιον.
773 1928 817 1933 -—
850 1907 1107 1956 cauponibus

231 1972 356 2016 atque
386 1967 599 2018 maliynis]
649 1966 884 2018 «Virgilius
925 1969 1106 2019 quidem

229 2042 374 2081 neque
420 2034 544 2079 alque
587 2041 732 2081 neque
773 2043 823 2070 ac
867 2032 1104 2082 particulas

228 2096 329 2146 post
358 2092 461 2132 illud
490 2092 759 2133 vocabulum
794 2095 986 2144 trajecit,
1037 2098 1106 2136 cui

227 2154 581 2208 praemittendae
613 2158 737 2195 erant
772 2159 956 2208 propter
986 2159 1107 2208 cogi—

230 2219 457 2257 tationem.
491 2240 513 2246 -
543 2240 566 2246 -
591 2240 614 2246 —
643 2218 846 2258 Horatius
877 2220 921 2258 in
953 2220 1106 2271 epodis

230 2282 273 2320 et
313 2279 595 2319 sermonibus
639 2278 708 2326 illa
754 2280 1107 2331 copulativarum

227 2340 543 2393 particularum
576 2341 862 2382 collocatione
885 2342 1107 2394 aliquanto

230 2405 407 2455 saepius
447 2415 554 2444 usus
595 2406 663 2444 est
703 2416 838 2455 quam
877 2405 1105 2457 Virgilius,

230 2467 375 2506 minus
405 2476 539 2517 saepe
580 2467 622 2505 in
666 2467 963 2517 carminibus,
1010 2479 1109 2508 ma—

229 2530 346 2568 xime
383 2529 425 2567 in
455 2529 779 2580 posterioribus
810 2528 956 2579 libris,
1002 2543 1109 2582 per-

229 2602 332 2630 raro
370 2591 412 2629 in
451 2590 663 2641 epistolis,
710 2592 753 2630 in
796 2594 889 2631 arte
935 2594 1107 2643 po'e'tica

231 2663 466 2703 nusquam.
502 2655 545 2691 et
575 2657 701 2702 atque
726 2653 908 2703 quidem
930 2656 1108 2706 saepius

232 2726 367 2766 quam
407 2713 475 2753 alii
515 2726 672 2755 omnes
710 2716 824 2755 inter
863 2716 951 2756 duo
993 2728 1106 2768 quae

231 2789 383 2818 secum
443 2778 660 2818 artissime
716 2780 948 2819 coniuncta
1006 2781 1108 2820 sunt

229 2838 445 2880 vocabula
486 2841 630 2891 ponit,
678 2852 814 2881 serm.
852 2842 898 2888 4,
931 2842 976 2890 6,
1012 2842 1104 2881 440.

234 2902 325 2941 431.
368 2902 412 2950 7,
457 2903 521 2941 42.
563 2902 638 2950 40,
678 2903 745 2942 ⁶28.
787 2902 902 2954 epod
940 2904 1005 2953 47,
1038 2903 1106 2944 4.»

233 2965 373 3003 Har-rr
418 2964 544 3004 Obss.
584 2965 677 3003 crit.
718 2976 758 3015 p.
797 2964 863 3005 48.
932 2966 1107 3016 Caupo-

234 3038 314 3066 nes
344 3027 517 3078 molismi
550 3029 763 3066 vocantur
792 3027 834 3066 11.
874 3026 900 3066 l.
939 3029 987 3067 ut
1013 3039 1110 3077 per-

228 3089 302 3139 fidi
339 3090 425 3128 Sat.
471 3090 518 3137 4,
562 3090 605 3137 Λ1,
648 3089 720 3133 ’Ξθς
769 3100 870 3129 113111
899 3090 1110 3141 malignus

228 3151 408 3201 proprie
449 3152 693 3192 contrarius
734 3154 799 3191 est
845 3152 1017 3203 benigno
1047 3153 1108 3192 si-

230 3212 495 3264 gnificatque
527 3224 655 3261 eum,
703 3215 775 3264 qui
818 3214 930 3253 iusto
962 3215 1107 3254 minus

230 3273 353 3314 alteri
386 3275 557 3325 tribuit,
593 3276 633 3315 id
656 3276 774 3327 quod
798 3276 943 3316 facere
966 3275 1107 3316 solent

230 3347 452 3388 caupones
483 3341 601 3378 omni
641 3339 773 3379 modo
806 3340 995 3380 viatores
1026 3339 1107 3379 de-

231 3400 456 3450 cipiendo.
504 3401 587 3441 vile
629 3402 777 3441 vinum
820 3413 923 3441 caro
964 3404 1106 3453 pretio

230 3462 489 3509 vendendo,
525 3464 577 3504 ad
612 3475 833 3504 summam
866 3475 1003 3515 genus
1032 3465 1108 3504 ho-

1134 913 1349 953 teterrima
1394 923 1447 952 ex
1490 924 1579 953 uno
1625 914 1732 954 Cod.
1766 913 1995 956 Pulmanni

1167 1093 1337 1132 minum
1368 1091 1500 1132 nihilo
1531 1093 1635 1134 tunc
1665 1093 1931 1136 honestioris
1963 1094 2050 1135 1001

1169 1167 1303 1206 quam
1343 1154 1544 1195 lenones.
1604 1157 1653 1197 Ut
1694 1156 1737 1196 h.
1775 1157 1802 1197 l.
1842 1157 2049 1198 Horatius

1169 1228 1393 1268 caupones
1438 1228 1540 1256 cum
1585 1219 1728 1258 nautis
1772 1220 1937 1268 iunxit,
1984 1221 2048 1260 sic

1170 1278 1428 1320 Plutarchus
1467 1280 1521 1319 de
1555 1280 1702 1319 cohib.
1734 1283 1800 1320 Ira
1834 1283 1898 1321 42.
1932 1293 2052 1321 παν-

1168 1339 1326 1392 δοκεῖς
1368 1342 1448 1381 καὶ
1498 1338 1675 1392 ναύτας
1717 1343 1797 1383 καὶ
1843 1338 2047 1401 ὀρεοκό-

1168 1416 1306 1456 μους.

1224 1467 1316 1505 5-8.
1361 1467 1447 1505 Hoc
1483 1466 1574 1518 iter]
1609 1466 1678 1506 «id
1717 1468 1804 1516 est,
1845 1467 1900 1507 ab
1932 1467 2048 1509 Urbe

1169 1539 1310 1579 usque
1343 1529 1398 1568 ad
1430 1530 1590 1569 Forum
1611 1530 1737 1580 Appii
1766 1529 1902 1570 biduo
1923 1531 2051 1570 veni-

1171 1601 1290 1639 mus,
1334 1602 1435 1631 cum
1474 1590 1720 1632 velociores
1751 1603 1838 1631 uno
1870 1592 1940 1633 die
1973 1604 2050 1633 so-

1169 1652 1288 1692 leant
1319 1664 1371 1692 eo
1401 1654 1596 1692 venire.»
1627 1656 1788 1694 Aenon.
1821 1653 1932 1695 Male
1962 1656 2046 1696 Fea

1169 1717 1484 1767 interpretatur
1524 1716 1579 1756 de
1624 1718 1769 1756 tractu
1808 1717 1863 1757 ab
1907 1719 2051 1758 Aricia

1170 1778 1223 1818 ad
1258 1779 1557 1819 Tarracinam.
1595 1802 1639 1807 —
1673 1780 1799 1819 altius
1827 1802 1851 1809 -
1871 1803 1895 1810 -
1922 1782 2055 1822 Prae-

1172 1841 1327 1893 cinctis]
1362 1836 1743 1898 «εὐζωνοτέροις,
1777 1842 1966 1884 celerius
1987 1843 2056 1882 in-

1173 1903 1435 1944 cedentibus
1480 1915 1532 1944 30
1576 1904 1953 1945 strenuioribus.»
2003 1929 2047 1934 —

1169 1968 1306 2006 minus
1335 1966 1435 2017 cet.]
1470 1968 1640 2007 «minus
1662 1969 1728 2008 est
1749 1968 1892 2018 gravis
1913 1969 2051 2019 pigris

1171 2041 1306 2080 quam
1322 2027 1641 2077 velocioribus;
1665 2041 1769 2069 nam
1787 2030 1860 2081 qui
1884 2031 2050 2072 tardius

1170 2103 1251 2144 per
1270 2092 1455 2143 Appiam
1476 2091 1546 2131 vel
1571 2092 1816 2142 ingreditur
1833 2091 1906 2132 vel
1926 2094 2055 2132 vehi—

1172 2157 1266 2203 tur,
1300 2153 1546 2205 prudenter
1567 2155 1678 2205 agit‚
1704 2155 1805 2206 quia
1827 2155 1973 2196 minus
1994 2155 2056 2196 fa-

1172 2217 1333 2267 tigatur
1349 2227 1483 2267 quam
1498 2218 1640 2256 viator
1661 2217 1800 2268 magis
1822 2218 2054 2269 expeditus

1175 2280 1218 2317 et
1238 2279 1436 2330 pernix.»
1461 2280 1634 2319 Etenim
1656 2280 1775 2330 quod
1797 2278 1864 2319 alii
1886 2281 1972 2320 hoc
1992 2281 2056 2321 di-

1173 2344 1278 2380 cunt
1306 2341 1576 2392 significare:
1615 2353 1727 2382 «non
1757 2344 1824 2383 est
1849 2342 2051 2393 molesta,

1178 2406 1246 2445 est
1275 2405 1467 2445 iucunda
1502 2405 1794 2455 tardioribus,
1828 2408 1931 2457 quia
1961 2406 2053 2447 fre-

1173 2477 1314 2517 quens
1346 2469 1434 2516 est,
1468 2469 1517 2506 ut
1543 2467 1697 2507 volunt
1716 2467 1809 2517 alii,
1844 2468 2055 2517 deverso-

1172 2530 1268 2577 riis,
1292 2531 1341 2568 ut
1361 2528 1452 2578 alii,
1478 2531 1778 2570 monumentis
1801 2529 2054 2581 sepulcrali-

1171 2591 1311 2639 bus,»
1332 2602 1511 2639 vereor,
1544 2603 1600 2630 ne
1632 2594 1893 2631 neutrorum
1924 2592 2056 2633 fuerit

1173 2656 1345 2692 amator
1371 2654 1589 2701 Horatius,
1620 2655 1694 2704 qui
1719 2653 1874 2704 silvas,
1900 2654 2051 2706 colles,

1172 2717 1288 2756 rivos
1328 2716 1473 2767 potius
1514 2715 1771 2756 sectabatur
1810 2728 1944 2768 quam
1987 2720 2054 2758 ta—

1171 2778 1335 2818 bernas
1365 2779 1441 2817 aut
1471 2777 1678 2818 tumulos.
1738 2779 1876 2819 vitinus
1906 2782 2055 2821 autem

1172 2840 1382 2880 exhibent
1417 2839 1618 2891 plerique
1657 2841 1846 2882 Codices
1879 2842 2050 2893 (omnes

1173 2905 1293 2942 certe
1333 2902 1525 2942 Oberlini
1562 2904 1606 2942 et
1644 2903 1835 2943 Pottierii
1877 2915 1930 2944 ac
1961 2906 2050 2945 mei

1171 2965 1288 3015 bed).
1343 2965 1504 3004 Contra
1525 2963 1764 3006 lectionem
1783 2967 1908 3006 nimis
1927 2970 2051 3008 recte

1171 3025 1375 3067 Frenzel:
1415 3027 1605 3075 «Quodsi
1636 3029 1705 3067 vla
1737 3028 1874 3070 tardis
1905 3030 2050 3080 gravis

1173 3091 1293 3139 erat,
1337 3100 1417 3129 cur
1448 3091 1653 3131 Horatius
1684 3091 1830 3131 divisit
1860 3092 1944 3132 iter
1972 3103 2053 3132 ne-

1173 3164 1258 3203 que
1302 3151 1490 3192 celerius
1534 3164 1800 3204 progressus
1839 3154 1969 3194 0519»
2004 3177 2048 3182 —

1170 3215 1246 3254 Hic
1275 3225 1348 3265 esso
1380 3215 1483 3267 cet.]
1517 3215 1680 3255 «Hodie
1713 3216 1756 3255 111
1786 3216 1896 3255 Foro
1925 3216 2050 3267 Appii

1172 3277 1363 3317 viatores
1404 3280 1588 3329 propter
1617 3287 1805 3329 aquam,
1849 3288 1962 3328 quae
1993 3277 2052 3321 ibi

1173 3339 1410 3380 deterrima
1435 3342 1523 3388 est,
1555 3351 1737 3380 manere
1759 3340 1907 3379 vitant.
1940 3340 2052 3380 Dicit
2098 3342 2101 3343 ⁷

1174 3413 1298 3453 ergo,
1333 3414 1380 3443 sc
1415 3403 1472 3442 ibi
1505 3414 1696 3443 coenare
1727 3401 1948 3452 noluisse,
1996 3413 2050 3443 ne

1174 3475 1359 3505 11000550
1383 3464 1568 3506 haberet
1589 3464 1789 3505 bibere.»
1821 3465 1973 3504 Pomm.
2003 3487 2047 3492 —-
