2231 3787
247 306 347 355 370

845 306 1057 344 llole'sll
1091 306 1454 346 EPISTOLARUM

319 435 458 500 Quid
481 453 665 488 verum
688 445 847 505 atque
870 435 1070 489 decens
1093 452 1223 488 curo
1248 443 1299 487 et
1321 450 1451 504 rogo
1474 435 1711 487 etomnis
1735 435 1786 486 in
1808 434 1909 489 1106
1926 453 2061 498 511111,

322 537 506 591 Condo
547 546 598 590 et
638 553 930 607 compono,
975 553 1114 606 quac
1156 553 1278 588 mox
1318 535 1640 606 depromere
1680 537 1899 607 possim.

314 643 386 692 Ac
427 656 493 692 ne
534 638 665 691 sorte
707 655 888 709 roges,
934 654 1041 707 quo
1083 654 1168 690 me
1209 636 1378 699 duce,
1421 654 1529 708 quo
1568 637 1679 691 lare
1718 647 1884 692 tuter:

359 791 421 828 44,
473 789 589 838 Quod
628 789 657 827 C
698 799 720 827 e
761 787 899 827 Codd.
955 811 996 814 —
1047 787 1112 826 46.
1160 798 1305 827 versor
1345 798 1458 827 unus
1489 788 1741 828 Hochederi
1775 788 1871 838 (m),

1921 791 1963 828 tu
1969 800 2012 828 m

303 851 411 891 Edd.
449 852 549 890 vett.
601 851 660 900 (ut
690 850 857 889 Veneta
902 849 1053 897 list),
1098 848 1253 897 Aldus,
1305 849 1351 888 O.
1401 848 1577 901 (mersor
1619 849 1831 890 exhibent
1869 851 2008 890 Codd.

242 991 320 1025 tes:
367 985 570 1033 Eripuere
600 985 730 1033 iocos,
770 995 980 1033 venerem,
1020 995 1121 1023 con-

241 1048 382 1096 vivia,
434 1047 605 1094 ludum;
654 1047 834 1086 Tendunt
872 1052 1122 1096 eoetorquere

238 1112 449 1159 poemata.
500 1108 579 1148 Alii
618 1107 733 1148 male
773 1108 827 1149 de
867 1109 1012 1149 satiris
1052 1109 1120 1148 in-

244 1172 470 1223 terpretati
503 1173 618 1211 sunt.
655 1193 699 1198 —
728 1172 855 1221 pono]
890 1172 1116 1223 «depono,

244 1234 299 1273 ab
331 1235 472 1284 iisque
503 1234 545 1272 in
575 1235 807 1285 posterum
838 1233 1117 1273 abstinebo.»

246 1320 288 1324 —
323 1295 481 1347 rerum]
513 1297 607 1334 Non
639 1298 730 1335 tam
762 1298 934 1347 spectat
965 1296 1021 1335 ad
1052 1296 1120 1335 in-

240 1359 579 1409 vestigationem
609 1360 792 1398 naturae
825 1359 1010 1409 eiusque
1042 1370 1119 1398 60-

241 1422 504 1471 gnitionem,
547 1432 683 1471 quam
713 1421 768 1461 ad
809 1416 988 1473 ἠθικὴν
1018 1422 1120 1473 phi-

241 1484 467 1535 losophiae
499 1485 689 1535 partem.
727 1508 771 1512 —
806 1485 969 1534 decens]
1002 1484 1119 1523 «ho-

243 1549 462 1586 nestum.»
514 1547 603 1586 Cic.
630 1546 685 1586 de
717 1546 838 1586 Offic.
864 1548 908 1596 4,
932 1547 1005 1595 27,
1041 1545 1114 1586 94:

240 1610 293 1648 Et
314 1610 423 1658 quod
442 1610 575 1658 decet,
607 1610 819 1649 honestum
839 1614 920 1659 est,
953 1614 990 1649 et
1011 1611 1120 1659 quod

240 1673 453 1711 honestum
481 1675 559 1721 est,
593 1672 716 1711 decet.
754 1695 797 1700 —
821 1683 922 1711 curro
942 1676 979 1711 et
998 1673 1117 1724 roqo]

245 1737 314 1774 «et
354 1735 446 1786 ipse
478 1734 735 1774 meditando
767 1735 946 1785 assequi
983 1746 1120 1774 conor

243 1801 285 1836 et
315 1808 368 1836 ex
399 1796 515 1846 aliis⁷
565 1798 698 1837 etiam
739 1808 793 1837 ex
829 1796 1120 1849 philosopho-

241 1870 342 1898 rum
364 1858 508 1908 libris‚
543 1869 754 1910 quaero.»
781 1882 826 1886 —
851 1859 994 1911 omnis]
1018 1859 1113 1898 Vid.

243 1924 328 1962 Sat..
354 1924 370 1961 4
394 1954 401 1971 ,
427 1922 472 1970 9,
506 1923 553 1961 2ῑ
589 1925 695 1961 totus
723 1922 766 1960 in
787 1922 881 1961 iliis.
909 1942 954 1949 -—
981 1922 1118 1961 Condo

240 1990 277 2025 et
318 1985 540 2035 compono]
579 1986 736 2032 «Quae
768 1983 944 2034 collegi,
992 1984 1118 2035 quasi

240 2050 283 2088 in
314 2048 476 2087 horreo
497 2046 568 2086 vel
599 2046 708 2087 cella
740 2048 921 2098 penaria
947 2057 1117 2097 repono

242 2114 286 2150 et
316 2110 495 2159 ordino,
538 2111 585 2149 ut
614 2110 687 2159 iis,
728 2109 805 2148 ubi
835 2111 1012 2160 tempus
1043 2120 1118 2148 re—

242 2173 464 2224 quisierit,
511 2171 635 2211 facile
674 2173 774 2210 utar
802 2182 1042 2220 meamque
1074 2171 1117 2210 in

241 2246 338 2275 rem
384 2245 435 2274 ea
486 2233 803 2273 transferam.»
868 2234 1119 2283 Componere

242 2299 371 2349 igitur
402 2299 469 2337 est
501 2298 569 2336 «in
600 2296 804 2335 ordinem
835 2296 1018 2336 confusa
1050 2296 1117 2335 di-

243 2371 443 2411 gerere.»
476 2358 682 2398 Similiter
703 2357 856 2398 Tibull.
889 2359 932 2408 4,
958 2359 1002 2407 4,
1038 2358 1114 2397 77:

240 2424 463 2472 composito
483 2433 652 2462 securus
672 2432 835 2461 acervo.
867 2421 984 2472 Virg.
1005 2422 1113 2460 Aen.

240 2487 288 2534 8,
323 2486 424 2525 3117:
471 2495 715 2534 componere
744 2495 852 2534 opes.
889 2507 933 2511 —-
967 2484 1118 2533 depro—

240 2547 364 2599 mere]
393 2546 527 2586 veluti
553 2547 722 2599 peritus
744 2557 795 2586 36
816 2544 997 2586 sedulus
1018 2556 1119 2597 pro-

245 2622 344 2651 mus
377 2610 561 2650 condus.

298 2673 443 2712 43-45.
494 2672 551 2711 Ac
593 2682 643 2711 ne
685 2671 792 2722 forte
834 2669 977 2721 roqes]
1025 2670 1117 2709 Hoc

243 2734 423 2786 quidem
463 2733 727 2773 iamdudum
770 2734 954 2771 noverat
996 2733 1119 2771 Mae-

244 2807 397 2842 cenas3
446 2806 550 2846 ergo
587 2795 731 2846 potius
763 2796 1017 2834 ceterorum
1052 2792 1119 2832 le—

244 2862 418 2899 ctorum
450 2868 583 2897 causa
613 2858 698 2896 hoc
730 2857 857 2896 dicit:
893 2855 1013 2895 «Noli
1044 2867 1120 2895 au-

245 2924 334 2961 tem
356 2921 525 2971 opinari
545 2931 640 2967 me,
675 2921 722 2959 ut
752 2918 978 2970 plerisque
1001 2928 1118 2957 1111116

245 2994 343 3024 mos
375 2986 465 3031 est,
499 2984 668 3022 certam
699 2981 892 3033 aliquam
923 2979 1118 3031 discipli—

246 3056 348 3085 nam
379 3045 527 3094 sequi,
574 3055 646 3083 me
685 3054 783 3084 esse
826 3044 902 3082 aut
943 3052 1119 3082 merum

246 3108 514 3159 Epicureum
551 3108 626 3144 aut
662 3106 857 3144 Stoicum
894 3106 968 3143 aut
1005 3106 1121 3144 Aca-

246 3170 515 3209 demicum.»
583 3168 658 3217 (De
703 3167 788 3207 1106
833 3178 882 3206 ac
925 3177 975 3205 ne
1017 3166 1118 3205 vide

247 3231 375 3272 Hand
404 3232 527 3270 Turs.
560 3232 590 3269 Ι.
627 3241 668 3281 p.
703 3228 796 3269 494.
848 3231 981 3269 Recte
1012 3228 1120 3267 affe-

249 3296 349 3333 runt
377 3294 486 3344 Epp.
518 3293 567 3340 2,
611 3293 626 3331 4
652 3324 659 3340 ,
700 3291 802 3331 208;
847 3292 903 3331 Ac
935 3302 985 3331 ne
1016 3291 1123 3341 forte

242 3361 362 3406 putes
391 3356 492 3405 cet.)
527 3377 573 3383 —
607 3354 723 3403 duce]
755 3357 985 3402 «auctore,
1020 3365 1124 3393 con-

250 3418 389 3458 ditore
422 3419 570 3457 sectae
601 3416 827 3456 alicuius.»
879 3414 1050 3464 Quintil.
1079 3417 1118 3464 5,

251 3480 323 3527 43,
357 3479 429 3518 59;
474 3480 582 3518 inter
618 3479 718 3518 duos
759 3477 1020 3517 diversarum
1058 3488 1123 3516 se-

250 3547 414 3582 ctarum
448 3541 557 3580 velut
593 3541 726 3580 duces.
765 3560 808 3567 -
843 3539 952 3591 lare]
988 3540 1120 3578 Vocc.

1185 974 1351 1025 familia
1371 975 1416 1014 et
1445 975 1589 1014 domus
1609 974 1885 1015 consuetudo
1914 975 2065 1015 Latina

1185 1047 1266 1087 pro
1299 1035 1662 1088 philosophorum
1695 1038 1828 1077 sectis
1868 1048 2062 1090 usurpa—

1186 1099 1276 1138 bat.
1330 1100 1433 1149 (Cic.
1459 1099 1513 1139 de
1535 1100 1677 1139 Divin.
1701 1101 1750 1149 2,
1785 1101 1800 1139 4
1827 1132 1836 1150 ,
1869 1099 1918 1140 3:
1949 1101 2067 1141 Peri-

1180 1162 1461 1211 pateticorum
1501 1162 1685 1213 familia.
1746 1162 1882 1202 Acad.
1921 1163 1969 1211 4,
2014 1161 2062 1211 4,

1188 1224 1259 1264 43:
1308 1224 1449 1273 Quid?
1492 1236 1590 1276 erqo
1618 1225 1816 1264 Antiocho
1854 1225 1899 1264 id
1930 1225 2067 1277 maqis

1185 1287 1368 1336 licuerit,
1412 1287 1648 1339 remiqrare
1685 1287 1729 1326 in
1759 1288 1926 1326 domum
1953 1291 2067 1328 vete-

1184 1360 1273 1389 rem
1303 1360 1323 1389 e
1351 1361 1483 1399 nova,
1527 1361 1655 1399 quam
1686 1349 1802 1389 nobis
1836 1350 1881 1389 in
1908 1361 2062 1389 novam

1186 1423 1206 1451 6
1233 1411 1402 1451 vetere?
1457 1412 1536 1451 Od.
1563 1413 1608 1460 4,
1642 1412 1717 1460 29,
1752 1411 1828 1452 44;
1875 1413 2066 1452 Socrati-

1186 1486 1279 1514 cani
1309 1474 1511 1526 domum.)
1569 1475 1720 1515 Omnis
1749 1476 1900 1515 autem
1921 1476 2066 1515 domus

1185 1538 1337 1576 Larem
1367 1536 1524 1586 habet,
1559 1538 1633 1588 qui
1663 1537 1872 1588 familiam
1892 1539 2062 1585 tuetur;

1186 1602 1249 1641 516
1279 1602 1524 1652 Epicureus
1554 1601 1597 1640 in
1633 1599 1769 1640 tutela
1801 1601 1869 1640 est
1898 1599 2065 1640 doctri-

1186 1675 1269 1704 nae
1291 1663 1488 1714 magistri
1518 1663 1599 1702 sui.
1659 1663 1900 1703 Praestites
1929 1663 2062 1703 Lares

1186 1726 1363 1766 Ovidius
1394 1726 1506 1766 Fast.
1537 1725 1584 1773 5,
1626 1724 1720 1764 433.
1753 1724 1854 1764 ideo
1891 1725 1956 1764 sic
1995 1724 2064 1764 di-

1186 1791 1279 1829 ctos
1323 1789 1476 1837 tradit,
1527 1789 1644 1838 Quod
1679 1791 1894 1837 praestent
1935 1787 2064 1827 oculis

1185 1852 1327 1891 onznia
1347 1855 1438 1891 tuta
1457 1850 1554 1890 suis.
1578 1873 1624 1879 —
1641 1850 1807 1889 Nullius
1827 1849 1929 1901 cet.]
1952 1851 2063 1889 Ante

1184 1915 1296 1953 haec
1325 1925 1396 1952 vv.
1421 1911 1577 1964 supple
1610 1913 1899 1963 cogitatione:
1944 1912 2064 1951 «Sci-

1184 1978 1228 2015 to
1243 1988 1284 2023 »3
1321 1976 1416 2016 «sic
1451 1975 1640 2024 habeto,
1687 1986 1759 2014 me
1790 1969 2064 2014 ἐκλεκτικὸν

1184 2037 1500 2089 philosophum
1531 2048 1675 2077 esse.»
1729 2036 1852 2077 Conf.
1885 2036 1942 2076 ad
1972 2037 2058 2076 Sat.

1184 2101 1230 2150 2,
1265 2101 1312 2146 4,
1347 2100 1413 2140 80.
1465 2099 1592 2139 Redit
1620 2101 1771 2138 autem
1809 2098 1865 2138 ad
1905 2099 2063 2150 imagi—

1185 2173 1289 2202 nem
1321 2173 1345 2201 a
1374 2173 1423 2202 re
1467 2157 1725 2213 gladiatoria
1767 2161 1966 2213 petitam.
2015 2183 2059 2189 —

1184 2224 1386 2275 addictus]
1418 2225 1622 2276 proprie,
1657 2224 1731 2274 qui
1762 2223 1818 2263 ob
1851 2234 1927 2263 aes
1955 2221 2062 2262 alie-

1185 2298 1315 2336 num,
1365 2297 1468 2326 cum
1507 2285 1721 2326 solvendo
1762 2296 1850 2325 non
1881 2285 1960 2334 sit⁷
2008 2296 2061 2325 ex

1182 2349 1400 2401 praetoris
1431 2348 1578 2388 edicto
1608 2347 1795 2387 traditur
1824 2347 2059 2396 creditori,

1184 2412 1260 2462 qui
1302 2412 1346 2450 in
1377 2421 1538 2462 corpus
1570 2410 1663 2450 eius
1702 2411 1771 2450 ius
1814 2408 1980 2449 habeat
2020 2410 2063 2448 et

1183 2476 1414 2524 tamquam
1444 2483 1574 2513 servo
1604 2474 1773 2521 utatur,
1807 2471 1952 2511 donec
1981 2469 2064 2512 sol-

1182 2538 1269 2577 vat.
1333 2534 1506 2584 Quintil.
1532 2536 1578 2584 5,
1614 2536 1686 2584 40,
1721 2535 1795 2576 60;
1842 2534 1967 2575 Aliud
2006 2537 2063 2573 est

1182 2609 1345 2638 servum
1389 2608 1496 2637 esse:
1547 2597 1664 2636 aliud
1705 2597 1880 2646 servire,
1926 2596 2063 2645 qualis

1184 2672 1264 2701 esse
1283 2661 1327 2699 in
1348 2660 1524 2699 addictis
1545 2659 1730 2708 quaestio
1750 2659 1861 2698 solet.
1895 2659 2060 2699 Trans-

1183 2723 1322 2764 fertur
1353 2722 1410 2762 ad
1440 2721 1706 2772 gladiatores
1738 2722 1992 2762 auctoratos
2018 2723 2062 2761 et

1184 2786 1238 2825 ad
1285 2796 1383 2833 eos,
1436 2785 1509 2834 qui
1553 2784 1819 2824 necessitate
1865 2783 2061 2834 quadam

1185 2847 1412 2887 constricti
1442 2847 1558 2886 sunt.
1611 2847 1686 2886 Est
1715 2847 1846 2897 igitur
1874 2846 2061 2886 addictus

1182 2911 1346 2949 iurare:
1384 2908 1625 2948 «obnoxius
1659 2910 1700 2949 61
1730 2908 1852 2948 velut
1878 2909 1922 2947 vi
1953 2919 2060 2949 603-

1185 2974 1281 3012 61115
1328 2973 1497 3011 certam
1542 2971 1767 3022 quandam
1811 2971 2060 3011 doctrinam

1184 3032 1390 3085 amplecti
1411 3045 1462 3073 ac
1478 3045 1533 3074 ne
1555 3036 1859 3074 transversum
1878 3032 2060 3084 quidem

1184 3107 1379 3147 unguem
1410 3095 1465 3135 ab
1498 3107 1551 3136 ea
1581 3095 1868 3143 discedere;»
1906 3093 2059 3145 «longe

1186 3159 1313 3210 igitur
1353 3158 1507 3198 differo
1549 3157 1604 3198 311
1645 3158 1719 3207 115,
1766 3158 1864 3208 qui,
1910 3158 1961 3197 ut
2002 3157 2061 3196 ait

1187 3222 1276 3261 Cic.
1315 3222 1443 3261 Tusc.
1480 3221 1527 3269 2,
1568 3221 1617 3268 2,
1650 3221 1709 3269 5,,
1741 3220 1862 3259 certis
1890 3218 2060 3269 quibus-

1187 3284 1285 3322 dam
1336 3283 1629 3331 destinatisque
1686 3281 1894 3321 sententiis
1937 3281 2061 3330 quasi

1188 3345 1389 3384 addicti
1418 3348 1455 3384 et
1483 3344 1711 3384 consecrati
1730 3347 2061 3393 sunteaquene-

1187 3407 1372 3447 cessitate
1400 3405 1634 3454 constricti,
1678 3408 1724 3444 ut
1759 3405 1907 3455 etiam,
1953 3415 2061 3454 quae

1187 3480 1271 3509 non
1307 3468 1492 3518 probare
1532 3468 1713 3516 soleant,
1762 3477 1813 3506 ea
1855 3470 2061 3518 coqantur

1189 3531 1444 3570 constantiae
1473 3541 1602 3569 causa
1632 3529 1886 3581 defendere.»
1923 3551 1964 3556 —
1989 3528 2058 3567 iue
