2231 3787
829 257 926 296 ARS
958 257 1197 297 POETMJA.

1830 262 1930 312 753

189 384 432 454 Turpiter
470 384 689 438 obticuit
727 384 936 439 sublato
979 386 1090 439 iure
1132 387 1374 441 nocendi.

186 484 264 537 Nil
307 485 614 538 intentatum
656 489 820 539 nostri
861 486 1067 558 liquere
1108 495 1324 559 poetae,

1828 496 1929 547 2855

184 587 292 639 Nec
331 587 604 639 minimum
645 605 892 642 meruere
932 588 1124 650 decus,
1167 590 1390 660 vestigia
1431 590 1635 645 Graeca

184 688 311 740 Ausi
350 688 605 740 deserere
646 697 697 741 ct
735 688 1014 743 celebrare
1054 690 1349 744 domestica
1392 692 1552 753 facta,

186 787 275 841 Vel
315 789 405 859 qui
446 797 750 859 praetextas
789 789 872 842 vcl
912 791 1002 860 qui
1045 790 1282 846 docuere
1321 801 1541 863 togatas.

169 961 334 1001 Omittit
361 960 479 1000 huuc
508 973 548 1000 v.
584 962 628 1001 B.
667 982 709 989 -—
744 963 837 1002 285.
871 963 1159 1012 intemptalwn
1189 963 1387 1004 BbSTcd.
1435 990 1474 993 ——
1520 968 1613 1008 ¹288.
1647 972 1797 1021 cogatis
1827 973 1869 1012 B.

114 1118 164 1160 ἐν
193 1117 243 1158 δὲ
274 1115 337 1172 τῷ
367 1115 552 1175 Δθεάτρῳ
584 1121 684 1168 τοῖς
714 1116 992 1172 κωμῳδοδι-

114 1177 389 1229 δασκάλοις.
424 1181 513 1220 Cic.
540 1180 594 1219 de
619 1182 723 1231 Rep.
747 1180 794 1227 4,
821 1181 886 1227 10,
914 1181 987 1220 33:

114 1245 227 1295 apud
256 1254 357 1293 quos
385 1243 585 1294 (Graecos
613 1243 880 1293 antiquiores)
913 1243 994 1294 fnit

114 1308 239 1347 etiam
269 1306 355 1356 leqe
383 1316 637 1353 concessum,
670 1309 713 1343 ut
744 1306 852 1354 quod
876 1305 993 1344 vellet

114 1369 327 1409 comoedia
357 1368 404 1406 cle
425 1378 505 1416 quo
525 1367 640 1406 vellet
663 1369 991 1418 (praeterquam

115 1432 170 1471 de
192 1431 430 1470 archonte:
465 1427 607 1468 Schol.
631 1429 851 1480 Aristoph.
877 1429 988 1468 Nub.

114 1494 198 1543 31.)
244 1492 491 1532 nominatim
530 1492 695 1530 diceret.
754 1494 882 1540 Quem
922 1492 991 1530 illa

112 1568 195 1595 non
218 1554 381 1605 attiyic,
414 1553 477 1592 cel
490 1554 654 1602 pocius,
687 1563 807 1601 quem
829 1565 909 1593 non
929 1565 995 1593 ve-

112 1616 264 1658 aeavit?
294 1617 361 1655 cui
376 1614 598 1665 pepercit?
623 1638 666 1643 —-
689 1616 787 1668 vim]
812 1628 863 1656 ea
887 1628 993 1668 pro-

112 1691 168 1732 pe
199 1678 537 1729 significatione,
572 1687 657 1727 qua
685 1680 869 1717 utuntur
891 1679 990 1725 lCti,

112 1741 451 1794 qewaltsame
494 1740 801 1792 Ver-letzuny
838 1743 992 1780 ande-

112 1815 223 1852 rer,
257 1814 370 1853 quae
401 1813 490 1841 non
521 1813 652 1843 secus
683 1814 734 1842 ac
769 1804 831 1842 vis
858 1804 993 1843 homi-

112 1867 231 1906 nibus
247 1866 425 1905 armatis
438 1866 641 1904 coactisve
655 1866 734 1904 civi
753 1866 872 1905 illata
894 1865 989 1916 lege

113 1928 310 1968 coerceri
342 1926 552 1967 debebat.
594 1931 655 1966 Ac
678 1938 723 1966 re
745 1938 851 1966 vera
873 1928 993 1967 cius—

113 1990 233 2030 modi
263 1990 569 2041 ψηφίσματα
594 1987 679 2028 1313
701 1992 804 2029 sunt
823 1988 878 2028 ab
901 1993 992 2028 An—

115 2052 307 2093 timacho
339 2053 383 2090 et
412 2052 669 2101 Syracosio;
704 2062 894 2101 quorum
925 2053 994 2090 ta-

113 2126 217 2155 men
249 2116 427 2165 tempus
457 2114 676 2152 incertum
707 2114 796 2153 est:
828 2114 993 2153 fluctu—

114 2180 190 2218 ant
226 2177 344 2217 enim
382 2173 637 2225 chronologi
674 2176 788 2214 inter
816 2174 989 2226 Olymp.

113 2241 191 2288 90,
216 2239 255 2279 4.
280 2240 325 2278 et
345 2236 406 2277 Ol.
431 2236 507 2286 94,
541 2238 578 2276 4.
614 2237 728 2286 (ante
761 2237 862 2277 Chr.
888 2236 992 2277 4⁴7-

114 2301 226 2352 404.)
261 2301 326 2341 Cf.
351 2300 405 2340 de
429 2299 592 2339 difficili
622 2300 705 2338 1130
732 2301 992 2350 quaestione

115 2363 289 2404 Clinton
306 2364 418 2402 Fast.
442 2363 549 2414 H.p.
566 2362 706 2401 LV111.
729 2362 990 2412 ed.Krueg.,

115 2425 336 2466 Fritzsche
348 2426 392 2464 et
403 2425 544 2474 Bergk
557 2426 752 2472 Quaestt.
768 2425 989 2476 Aristoph.

114 2500 158 2540 p.
191 2487 393 2527 304-322.
427 2486 583 2526 suidas
614 2488 655 2526 in
681 2482 961 2539 Ἀντίμαχος
981 2499 989 2508 ·

115 2545 270 2590 ἐδόκει
300 2539 443 2598 οὗτος
463 2547 708 2600 ψήφισμα
737 2551 993 2602 πεποιηκέ-

114 2625 216 2660 ναι,
247 2606 317 2663 μὴ
339 2608 437 2650 δεῖν
467 2609 712 2664 κωμῳδεῖν
743 2607 793 2662 ἐξ
815 2607 994 2664 ὀνόμα-

114 2687 197 2724 τος
228 2672 342 2723 (311111
374 2667 611 2724 ὀνομαστὶ
637 2671 916 2726 κωμῳδεῖν),
950 2673 992 2713 id

115 2739 206 2785 est,
246 2746 327 2775 «ne
366 2735 463 2785 quis
494 2735 670 2786 proprio
701 2746 781 2775 suo
814 2738 992 2776 nomine

114 2801 163 2838 ut
191 2796 366 2838 fabulae
396 2807 585 2848 persona
616 2798 657 2836 in
682 2808 863 2837 scenam
895 2808 995 2848 pro-

117 2861 410 2905 duc-eretum»
444 2862 624 2899 «contra
648 2859 831 2909 licebat,
865 2861 994 2900 sicuti

117 2923 270 2970 antea,
300 2931 615 2972 quemcunque
633 2921 702 2962 vel
723 2925 902 2962 nomine
920 2923 996 2962 ad-

117 2985 207 3025 dito
238 2984 450 3034 attingere
490 2984 657 3035 passim
688 2986 820 3036 atque
850 2984 995 3026 laces-

117 3057 243 3094 sere,
265 3060 284 3080 »
335 3045 652 3096 interpretibus
697 3045 897 3086 Clintono
951 3049 996 3087 et

116 3107 316 3157 Bergkio.
345 3129 388 3134 -
415 3106 620 3158 Turpiter]
645 3108 768 3158 Iungi
787 3108 872 3147 1100
892 3119 996 3148 ver-

117 3169 227 3209 bum
271 3168 442 3217 nequit,
489 3169 537 3207 ut
578 3167 732 3208 volunt
770 3168 993 3219 nonnulli,

119 3241 223 3270 cum
265 3241 307 3268 v.
352 3230 551 3277 nocendi3
604 3230 684 3270 sed
730 3231 816 3271 hoc
865 3231 992 3271 dicit:

121 3293 290 3343 «Turpe
323 3293 417 3331 erat
446 3291 582 3331 choro
612 3295 714 3343 post
747 3294 915 3332 tantam
945 3292 997 3332 li-

120 3353 343 3394 bertatem
372 3353 518 3394 subito
539 3352 896 3395 obmutescere.»
929 3356 998 3395 Sic

121 3416 210 3455 iam
238 3416 354 3456 inter
381 3414 554 3467 olymp.
587 3417 665 3465 85,
701 3416 790 3456 1-4.
835 3417 998 3457 Cratini

123 3476 270 3518 fabula
293 3472 536 3528 Ὀδυσσεῒς
565 3478 658 3518 sine
681 3478 817 3518 choro
839 3481 881 3518 et
908 3491 999 3518 πα-

218 3553 370 3590 HonA‘r.
398 3563 489 3592 vox..
518 3554 562 3590 11.
614 3564 680 3591 En.
708 3563 792 3592 11111.
827 3554 887 3591 111.

1054 1115 1320 1175 ραβσῖσεσιν
1352 1121 1466 1161 0(1113
1499 1126 1579 1163 cst.
1628 1126 1826 1166 Meincke
1849 1131 1928 1176 Qu.

1055 1182 1181 1220 Scen.
1214 1182 1252 1221 4.
1292 1195 1333 1234 p.
1367 1184 1432 1222 35.
1473 1184 1616 1225 Schol.
1655 1188 1782 1227 Arist.
1823 1191 1928 1230 nan.

1055 1241 1163 1282 404:
1210 1242 1287 1283 ἐπὶ
1316 1242 1433 1297 γοῦν
1462 1245 1547 1286 τοῦ
1579 1247 1786 1289 Καλλίου
1818 1248 1931 1291 τού-

1054 1316 1139 1345 του
1173 1305 1248 1354 (Ol.
1274 1307 1339 1354 93,
1365 1308 1401 1346 3.
1438 1312 1538 1348 ante
1568 1311 1668 1350 Chr.
1694 1311 1803 1362 405.)
1835 1327 1932 1366 φη-

1056 1367 1133 1406 σὶν
1158 1362 1481 1424 Ἀριστοτέλης
1504 1364 1578 1410 ὅτι
1599 1369 1779 1413 σύνδυο
1799 1369 1933 1427 ἔδοξε

1056 1434 1281 1485 χορηγεῖν
1326 1428 1382 1470 τὰ
1412 1430 1644 1473 Διονύσια
1690 1439 1789 1487 τοῖς
1818 1450 1932 1495 τρα-

1056 1489 1227 1543 γῳδοῖς
1266 1494 1344 1533 καὶ
1376 1494 1656 1549 κωμῳδοῖς·
1703 1497 1862 1556 χρόνῳ
1893 1499 1931 1540 δ’

1057 1547 1258 1610 ὕστερον
1301 1552 1358 1597 οὐ
1401 1557 1558 1613 πολλῷ
1594 1559 1821 1613 καθάπαξ
1851 1576 1933 1604 πε-

1056 1615 1197 1672 ριεῖλε
1219 1618 1452 1671 Κινησίας
1481 1618 1566 1672 τὰς
1585 1627 1832 1680 χορηγίας.
1868 1627 1930 1667 Cf.

1058 1680 1275 1720 Fritzsche
1301 1683 1349 1730 Q.
1373 1686 1421 1722 A.
1447 1696 1488 1734 p.
1514 1685 1606 1724 307.
1640 1686 1776 1726 Simul
1797 1689 1933 1739 signi-

1056 1742 1159 1782 ficat
1203 1745 1434 1785 transitum
1471 1748 1643 1797 priscae
1676 1751 1934 1791 comoediae

1055 1815 1136 1855 per
1165 1806 1358 1845 mediam
1391 1808 1430 1845 in
1453 1819 1613 1848 novam
1640 1810 1741 1849 inde
1763 1822 1786 1850 3
1806 1811 1931 1851 XXX.

1054 1867 1346 1915 tyrannorum
1369 1867 1666 1910 dominatione
1691 1872 1805 1922 (ante
1829 1873 1931 1912 Chr.

1056 1925 1186 1979 404.).

1110 1990 1312 2031 285-288.
1336 1992 1546 2033 celebrare
1566 1995 1787 2035 domestica
1800 1997 1932 2048 facta]

1056 2052 1165 2091 Nos:
1184 2053 1621 2096 Nazionalstitcke
1642 2058 1860 2098 dichlen.
1886 2060 1937 2099 Et

1056 2113 1238 2164 quidem
1270 2117 1421 2166 tragici
1449 2118 1586 2157 Latini
1612 2119 1856 2161 admodum
1877 2121 1937 2161 fe—

1056 2174 1196 2215 liciter
1235 2178 1429 2217 Romana
1468 2183 1727 2229 argumenta
1768 2184 1938 2233 tragoe-

1057 2238 1153 2278 diae
1178 2239 1336 2279 idonea
1358 2239 1642 2292 delegerunt,
1675 2243 1809 2284 veluti
1831 2246 1937 2284 Bru-

1056 2303 1150 2341 tum
1182 2304 1225 2341 et
1255 2303 1465 2352 Decium,
1510 2303 1626 2353 aliis,
1669 2308 1716 2345 ut
1745 2306 1932 2354 videtur,

1057 2365 1190 2403 etiam
1221 2365 1314 2403 Ser.
1339 2363 1498 2415 Tullio,
1537 2368 1759 2417 Lucretia,
1798 2370 1936 2420 Virgi-

1057 2428 1125 2466 nia
1147 2428 1488 2477 praetermissis.
1529 2430 1646 2469 Inter
1665 2432 1935 2481 posteriores

1057 2490 1157 2528 ante
1188 2487 1487 2529 Alexandrum
1508 2491 1563 2530 M.
1590 2493 1778 2543 tragicos
1800 2495 1937 2534 Grae-

1058 2561 1133 2590 cos
1170 2549 1311 2590 simile
1352 2561 1491 2601 genus
1527 2557 1706 2594 secutus
1737 2565 1837 2595 esse
1868 2557 1936 2595 vi-

1058 2613 1188 2653 detur
1203 2613 1431 2653 Moschion
1448 2614 1490 2652 in
1507 2615 1800 2656 Themistocle
1817 2618 1935 2669 apud

1058 2673 1177 2714 Stob.
1212 2675 1256 2713 T.
1287 2675 1358 2724 51,
1392 2676 1458 2715 24.
1500 2676 1586 2715 Cfr.
1611 2679 1790 2718 omnino
1813 2678 1936 2719 wel-

1058 2737 1164 2776 cker
1191 2748 1257 2787 qr.
1285 2737 1534 2787 Trayoedien
1566 2750 1609 2790 p.
1636 2739 1740 2780 4344
1761 2751 1859 2792 sqq.
1887 2763 1931 2769 --

1052 2798 1315 2849 praetactas]
1362 2800 1480 2839 Haec
1522 2800 1661 2840 forma
1699 2813 1780 2853 pro
1810 2801 1934 2843 solita

1051 2863 1346 2910 praeeat-tatas
1360 2862 1580 2912 reperitur
1592 2864 1724 2904 etiam
1738 2863 1805 2904 bis
1817 2865 1935 2916 apud

1057 2922 1255 2962 Asinium
1287 2921 1526 2963 Pollionem
1551 2924 1595 2965 in
1617 2926 1708 2965 Cic.
1736 2926 1792 2966 ad
1813 2928 1933 2967 Fam.

1060 2985 1132 3033 40,
1166 2984 1240 3032 32,
1273 2984 1312 3024 3.
1337 2987 1380 3024 et
1409 2987 1472 3034 5.,
1520 2987 1637 3038 apud
1675 2989 1851 3030 Festum
1894 2991 1938 3029 et

1059 3047 1316 3086 Suetonium
1334 3047 1377 3086 in
1393 3048 1488 3087 Vita
1506 3050 1641 3089 Persii
1656 3053 1764 3089 extr.
1783 3062 1792 3098 ;
1818 3061 1938 3090 03111-

1060 3118 1146 3158 que
1179 3107 1367 3148 formam
1399 3109 1593 3160 praefert
1622 3112 1670 3151 Ο.
1698 3110 1852 3151 Miiller
1881 3111 1936 3150 ad

1060 3171 1239 3210 Festum
1258 3182 1301 3223 p.
1321 3172 1435 3220 223.;
1460 3176 1610 3212 contra
1632 3173 1801 3213 fabulas
1814 3185 1939 3223 prae-

1059 3236 1243 3272 teoeeatas
1264 3233 1447 3273 easdem
1472 3233 1694 3286 appellant
1714 3236 1939 3274 Gramma—

1060 3295 1133 3334 tici
1162 3305 1345 3346 prorsus
1376 3295 1431 3335 ad
1467 3295 1711 3346 analogiam
1740 3295 1940 3346 palliata-

1059 3365 1160 3395 rum
1183 3357 1225 3395 et
1248 3358 1509 3407 togatarum.
1541 3358 1835 3397 Praeteoetams
1858 3369 1940 3398 au-

1061 3418 1175 3466 tem,
1207 3417 1253 3457 id
1274 3420 1363 3468 est,
1386 3417 1636 3468 tragoedias
1656 3419 1831 3459 Latinas
1853 3421 1940 3460 Ro-

1063 3481 1182 3521 mani
1199 3482 1462 3533 argumenti,
1482 3482 1537 3521 ita
1557 3483 1818 3533 nominatas,
1837 3485 1938 3534 quia

1609 3557 1655 3595 48
