<?xml version="1.0" encoding="UTF-8"?>
<!DOCTYPE html PUBLIC "-//W3C//DTD XHTML 1.0 Transitional//EN"
    "http://www.w3.org/TR/xhtml1/DTD/xhtml1-transitional.dtd">
<html xmlns="http://www.w3.org/1999/xhtml" xml:lang="en" lang="en">
 <head>
  <title>
</title>
<meta http-equiv="Content-Type" content="text/html;charset=utf-8" />
  <meta name='ocr-system' content='tesseract 3.04.00' />
  <meta name='ocr-capabilities' content='ocr_page ocr_carea ocr_par ocr_line ocrx_word'/>
</head>
<body>
  <div class='ocr_page' id='page_1' title='image "./qhoratiusflaccus02horauoft_0437.png"; bbox 0 0 2231 3787; ppageno 0'>
   <div class='ocr_carea' id='block_1_1' title="bbox 906 242 1379 283">
    <p class='ocr_par' dir='ltr' id='par_1_1' title="bbox 906 242 1379 283">
     <span class='ocr_line' id='line_1_1' title="bbox 906 242 1379 283; baseline 0 -2"><span class='ocrx_word' id='word_1_1' title='bbox 906 243 1005 282; x_wconf 90' lang='lat' dir='ltr'>LlB.</span> <span class='ocrx_word' id='word_1_2' title='bbox 1039 244 1069 281; x_wconf 92' lang='grc' dir='ltr'>Ι.</span> <span class='ocrx_word' id='word_1_3' title='bbox 1132 242 1296 283; x_wconf 85' lang='lat' dir='ltr'>EPIST.</span> <span class='ocrx_word' id='word_1_4' title='bbox 1328 242 1379 281; x_wconf 91' lang='lat'>11.</span> 
     </span>
    </p>
   </div>
   <div class='ocr_carea' id='block_1_2' title="bbox 1960 239 2060 292">
    <p class='ocr_par' dir='ltr' id='par_1_2' title="bbox 1960 239 2060 292">
     <span class='ocr_line' id='line_1_2' title="bbox 1960 239 2060 292; baseline -0.02 0"><span class='ocrx_word' id='word_1_5' title='bbox 1960 239 2060 292; x_wconf 76' lang='lat'>407</span> 
     </span>
    </p>
   </div>
   <div class='ocr_carea' id='block_1_3' title="bbox 305 372 1820 446">
    <p class='ocr_par' dir='ltr' id='par_1_3' title="bbox 305 372 1820 446">
     <span class='ocr_line' id='line_1_3' title="bbox 305 372 1820 446; baseline -0.003 -18"><span class='ocrx_word' id='word_1_6' title='bbox 305 377 563 446; x_wconf 75' lang='lat' dir='ltr'>Imperat,</span> <span class='ocrx_word' id='word_1_7' title='bbox 604 373 746 429; x_wconf 88' lang='lat' dir='ltr'>hunc</span> <span class='ocrx_word' id='word_1_8' title='bbox 784 373 973 436; x_wconf 82' lang='lat' dir='ltr'>freniS,</span> <span class='ocrx_word' id='word_1_9' title='bbox 1015 372 1157 426; x_wconf 92' lang='lat' dir='ltr'>hunc</span> <span class='ocrx_word' id='word_1_10' title='bbox 1196 380 1251 425; x_wconf 82' lang='lat' dir='ltr'>tu</span> <span class='ocrx_word' id='word_1_11' title='bbox 1291 389 1578 443; x_wconf 82' lang='lat' dir='ltr'>compesce</span> <span class='ocrx_word' id='word_1_12' title='bbox 1618 381 1820 426; x_wconf 86' lang='lat' dir='ltr'>catena.</span> 
     </span>
    </p>
   </div>
   <div class='ocr_carea' id='block_1_4' title="bbox 303 474 1762 549">
    <p class='ocr_par' dir='ltr' id='par_1_4' title="bbox 303 474 1762 549">
     <span class='ocr_line' id='line_1_4' title="bbox 303 474 1762 549; baseline -0.003 -18"><span class='ocrx_word' id='word_1_13' title='bbox 303 477 477 549; x_wconf 80' lang='lat' dir='ltr'>Fingit</span> <span class='ocrx_word' id='word_1_14' title='bbox 515 495 718 549; x_wconf 88' lang='lat' dir='ltr'>equum</span> <span class='ocrx_word' id='word_1_15' title='bbox 758 485 942 531; x_wconf 88' lang='lat' dir='ltr'>tenera</span> <span class='ocrx_word' id='word_1_16' title='bbox 982 474 1215 529; x_wconf 87' lang='lat' dir='ltr'>docilem</span> <span class='ocrx_word' id='word_1_17' title='bbox 1254 475 1467 529; x_wconf 78' lang='lat' dir='ltr'>cervice</span> <span class='ocrx_word' id='word_1_18' title='bbox 1507 474 1762 545; x_wconf 79' lang='lat' dir='ltr'>magister</span> 
     </span>
    </p>
   </div>
   <div class='ocr_carea' id='block_1_5' title="bbox 304 576 1879 651">
    <p class='ocr_par' dir='ltr' id='par_1_5' title="bbox 304 576 1879 651">
     <span class='ocr_line' id='line_1_5' title="bbox 304 576 1879 651; baseline -0.001 -19"><span class='ocrx_word' id='word_1_19' title='bbox 304 581 388 634; x_wconf 93' lang='lat' dir='ltr'>Ire</span> <span class='ocrx_word' id='word_1_20' title='bbox 425 579 593 642; x_wconf 84' lang='lat' dir='ltr'>viam,</span> <span class='ocrx_word' id='word_1_21' title='bbox 637 597 746 651; x_wconf 87' lang='lat' dir='ltr'>qua</span> <span class='ocrx_word' id='word_1_22' title='bbox 785 586 1046 632; x_wconf 82' lang='lat' dir='ltr'><strong>monstret</strong></span> <span class='ocrx_word' id='word_1_23' title='bbox 1084 594 1280 649; x_wconf 77' lang='lat' dir='ltr'>eques3</span> <span class='ocrx_word' id='word_1_24' title='bbox 1322 576 1627 640; x_wconf 72' lang='lat' dir='ltr'>venaticuS,</span> <span class='ocrx_word' id='word_1_25' title='bbox 1671 594 1737 630; x_wconf 81' lang='lat' dir='ltr'>ex</span> <span class='ocrx_word' id='word_1_26' title='bbox 1771 595 1879 648; x_wconf 88' lang='lat' dir='ltr'>quo</span> 
     </span>
    </p>
   </div>
   <div class='ocr_carea' id='block_1_6' title="bbox 1992 577 2060 629">
    <p class='ocr_par' dir='ltr' id='par_1_6' title="bbox 1992 577 2060 629">
     <span class='ocr_line' id='line_1_6' title="bbox 1992 577 2060 629; baseline 0 0"><span class='ocrx_word' id='word_1_27' title='bbox 1992 577 2060 629; x_wconf 78' lang='lat'>65</span> 
     </span>
    </p>
   </div>
   <div class='ocr_carea' id='block_1_7' title="bbox 299 678 1634 753">
    <p class='ocr_par' dir='ltr' id='par_1_7' title="bbox 299 678 1634 753">
     <span class='ocr_line' id='line_1_7' title="bbox 299 678 1634 753; baseline -0.003 -18"><span class='ocrx_word' id='word_1_28' title='bbox 299 684 562 753; x_wconf 82' lang='lat' dir='ltr'>Tempore</span> <span class='ocrx_word' id='word_1_29' title='bbox 601 681 874 735; x_wconf 87' lang='lat' dir='ltr'>cervinam</span> <span class='ocrx_word' id='word_1_30' title='bbox 913 679 1112 753; x_wconf 89' lang='lat' dir='ltr'>pellem</span> <span class='ocrx_word' id='word_1_31' title='bbox 1150 679 1357 733; x_wconf 85' lang='lat' dir='ltr'>latravit</span> <span class='ocrx_word' id='word_1_32' title='bbox 1395 679 1448 732; x_wconf 91' lang='lat' dir='ltr'>in</span> <span class='ocrx_word' id='word_1_33' title='bbox 1488 678 1634 752; x_wconf 85' lang='lat' dir='ltr'>aula,</span> 
     </span>
    </p>
   </div>
   <div class='ocr_carea' id='block_1_8' title="bbox 301 782 1032 838">
    <p class='ocr_par' dir='ltr' id='par_1_8' title="bbox 301 782 1032 838">
     <span class='ocr_line' id='line_1_8' title="bbox 301 782 1032 838; baseline -0.003 -1"><span class='ocrx_word' id='word_1_34' title='bbox 301 783 485 838; x_wconf 81' lang='lat' dir='ltr'>Militat</span> <span class='ocrx_word' id='word_1_35' title='bbox 525 783 578 836; x_wconf 92' lang='lat' dir='ltr'>in</span> <span class='ocrx_word' id='word_1_36' title='bbox 617 782 765 838; x_wconf 83' lang='lat' dir='ltr'>silvis</span> <span class='ocrx_word' id='word_1_37' title='bbox 807 782 1032 837; x_wconf 88' lang='lat' dir='ltr'>catulus.</span> 
     </span>
    </p>
   </div>
   <div class='ocr_carea' id='block_1_9' title="bbox 1110 781 1674 853">
    <p class='ocr_par' dir='ltr' id='par_1_9' title="bbox 1110 781 1674 853">
     <span class='ocr_line' id='line_1_9' title="bbox 1110 781 1674 853; baseline -0.002 -18"><span class='ocrx_word' id='word_1_38' title='bbox 1110 784 1262 836; x_wconf 76' lang='lat' dir='ltr'>Nunc</span> <span class='ocrx_word' id='word_1_39' title='bbox 1300 781 1497 836; x_wconf 79' lang='lat' dir='ltr'>adhibe</span> <span class='ocrx_word' id='word_1_40' title='bbox 1537 798 1674 853; x_wconf 88' lang='lat' dir='ltr'>puro</span> 
     </span>
    </p>
   </div>
   <div class='ocr_carea' id='block_1_10' title="bbox 282 923 2007 1103">
    <p class='ocr_par' dir='ltr' id='par_1_10' title="bbox 282 923 2007 1103">
     <span class='ocr_line' id='line_1_10' title="bbox 282 923 2007 980; baseline -0.002 -11"><span class='ocrx_word' id='word_1_41' title='bbox 282 930 359 977; x_wconf 92' lang='lat' dir='ltr'>Lt,</span> <span class='ocrx_word' id='word_1_42' title='bbox 403 939 488 978; x_wconf 81' lang='lat' dir='ltr'>qua</span> <span class='ocrx_word' id='word_1_43' title='bbox 529 931 735 968; x_wconf 84' lang='lat' dir='ltr'>monstrat</span> <span class='ocrx_word' id='word_1_44' title='bbox 767 928 837 980; x_wconf 62' lang='lat' dir='ltr'>C,</span> <span class='ocrx_word' id='word_1_45' title='bbox 863 928 949 976; x_wconf 82' lang='lat' dir='ltr'>Ire,</span> <span class='ocrx_word' id='word_1_46' title='bbox 986 927 1103 966; x_wconf 79' lang='lat' dir='ltr'>viam</span> <span class='ocrx_word' id='word_1_47' title='bbox 1145 936 1231 975; x_wconf 84' lang='lat' dir='ltr'>qua</span> <span class='ocrx_word' id='word_1_48' title='bbox 1272 929 1471 965; x_wconf 76' lang='lat' dir='ltr'>monstret</span> <span class='ocrx_word' id='word_1_49' title='bbox 1508 923 1731 965; x_wconf 86' lang='lat' dir='ltr'>Bentleius</span> <span class='ocrx_word' id='word_1_50' title='bbox 1769 924 1874 976; x_wconf 86' lang='lat' dir='ltr'>(qua</span> <span class='ocrx_word' id='word_1_51' title='bbox 1903 936 2007 966; x_wconf 88' lang='lat' dir='ltr'>cum</span> 
     </span>
     <span class='ocr_line' id='line_1_11' title="bbox 284 986 2001 1041; baseline -0.002 -10"><span class='ocrx_word' id='word_1_52' title='bbox 284 991 447 1032; x_wconf 81' lang='lat' dir='ltr'>Codice</span> <span class='ocrx_word' id='word_1_53' title='bbox 477 990 708 1041; x_wconf 89' lang='lat' dir='ltr'>Petrensi),</span> <span class='ocrx_word' id='word_1_54' title='bbox 741 990 778 1030; x_wconf 93' lang='lat' dir='ltr'>J.</span> <span class='ocrx_word' id='word_1_55' title='bbox 813 1012 857 1018; x_wconf 93' lang='lat'>—</span> <span class='ocrx_word' id='word_1_56' title='bbox 891 989 957 1029; x_wconf 88' lang='grc'>66.</span> <span class='ocrx_word' id='word_1_57' title='bbox 991 989 1195 1029; x_wconf 74' lang='lat' dir='ltr'>laceravit</span> <span class='ocrx_word' id='word_1_58' title='bbox 1225 988 1366 1029; x_wconf 89' lang='lat' dir='ltr'>Codd.</span> <span class='ocrx_word' id='word_1_59' title='bbox 1401 986 1568 1040; x_wconf 79' lang='lat' dir='ltr'>aliquot</span> <span class='ocrx_word' id='word_1_60' title='bbox 1606 988 1733 1028; x_wconf 88' lang='lat' dir='ltr'>Feae.</span> <span class='ocrx_word' id='word_1_61' title='bbox 1788 989 1854 1039; x_wconf 90' lang='lat' dir='ltr'>(Ut</span> <span class='ocrx_word' id='word_1_62' title='bbox 1896 999 2001 1038; x_wconf 91' lang='lat' dir='ltr'>nos,</span> 
     </span>
     <span class='ocr_line' id='line_1_12' title="bbox 286 1050 1391 1103; baseline -0.004 -9"><span class='ocrx_word' id='word_1_63' title='bbox 286 1054 431 1094; x_wconf 82' lang='lat' dir='ltr'>nostri</span> <span class='ocrx_word' id='word_1_64' title='bbox 462 1055 506 1093; x_wconf 90' lang='lat' dir='ltr'>et</span> <span class='ocrx_word' id='word_1_65' title='bbox 535 1053 731 1094; x_wconf 88' lang='lat' dir='ltr'>Pottierii</span> <span class='ocrx_word' id='word_1_66' title='bbox 761 1051 956 1103; x_wconf 90' lang='lat' dir='ltr'>omnes.)</span> <span class='ocrx_word' id='word_1_67' title='bbox 992 1075 1036 1080; x_wconf 93' lang='lat'>—</span> <span class='ocrx_word' id='word_1_68' title='bbox 1071 1052 1138 1091; x_wconf 86' lang='lat'>67.</span> <span class='ocrx_word' id='word_1_69' title='bbox 1172 1051 1317 1092; x_wconf 81' lang='lat' dir='ltr'>adhibe</span> <span class='ocrx_word' id='word_1_70' title='bbox 1346 1050 1391 1091; x_wconf 88' lang='lat' dir='ltr'>b.</span> 
     </span>
    </p>
   </div>
   <div class='ocr_carea' id='block_1_11' title="bbox 218 1171 1141 2858">
    <p class='ocr_par' dir='ltr' id='par_1_11' title="bbox 218 1171 1141 2858">
     <span class='ocr_line' id='line_1_13' title="bbox 226 1171 1112 1224; baseline -0.003 -13"><span class='ocrx_word' id='word_1_71' title='bbox 226 1171 303 1224; x_wconf 82' lang='lat' dir='ltr'>na]</span> <span class='ocrx_word' id='word_1_72' title='bbox 336 1173 384 1211; x_wconf 88' lang='lat' dir='ltr'>ut</span> <span class='ocrx_word' id='word_1_73' title='bbox 419 1182 581 1212; x_wconf 89' lang='lat' dir='ltr'>canem</span> <span class='ocrx_word' id='word_1_74' title='bbox 613 1171 709 1223; x_wconf 90' lang='lat' dir='ltr'>(«ut</span> <span class='ocrx_word' id='word_1_75' title='bbox 739 1181 981 1219; x_wconf 83' lang='lat' dir='ltr'>servum,»</span> <span class='ocrx_word' id='word_1_76' title='bbox 1014 1179 1112 1209; x_wconf 88' lang='lat' dir='ltr'>ma-</span> 
     </span>
     <span class='ocr_line' id='line_1_14' title="bbox 226 1233 1111 1285; baseline -0.003 -12"><span class='ocrx_word' id='word_1_77' title='bbox 226 1233 317 1275; x_wconf 76' lang='lat' dir='ltr'>volt</span> <span class='ocrx_word' id='word_1_78' title='bbox 364 1235 586 1281; x_wconf 88' lang='lat' dir='ltr'>Diintzer;</span> <span class='ocrx_word' id='word_1_79' title='bbox 639 1233 714 1285; x_wconf 90' lang='lat' dir='ltr'>qui</span> <span class='ocrx_word' id='word_1_80' title='bbox 762 1233 910 1273; x_wconf 89' lang='lat' dir='ltr'>minus</span> <span class='ocrx_word' id='word_1_81' title='bbox 960 1233 1111 1271; x_wconf 89' lang='lat' dir='ltr'>tamen</span> 
     </span>
     <span class='ocr_line' id='line_1_15' title="bbox 227 1293 1107 1347; baseline -0.006 -9"><span class='ocrx_word' id='word_1_82' title='bbox 227 1297 445 1338; x_wconf 86' lang='lat' dir='ltr'>concinne</span> <span class='ocrx_word' id='word_1_83' title='bbox 467 1306 572 1336; x_wconf 90' lang='lat' dir='ltr'>cum</span> <span class='ocrx_word' id='word_1_84' title='bbox 603 1306 720 1347; x_wconf 88' lang='lat' dir='ltr'>equo</span> <span class='ocrx_word' id='word_1_85' title='bbox 742 1293 1032 1346; x_wconf 82' lang='lat' dir='ltr'>iungeretur).</span> <span class='ocrx_word' id='word_1_86' title='bbox 1061 1316 1107 1323; x_wconf 97' lang='lat'>—</span> 
     </span>
     <span class='ocr_line' id='line_1_16' title="bbox 224 1356 1113 1411; baseline -0.006 -11"><span class='ocrx_word' id='word_1_87' title='bbox 224 1360 364 1411; x_wconf 62' lang='lat' dir='ltr'>Fingit</span> <span class='ocrx_word' id='word_1_88' title='bbox 393 1358 562 1410; x_wconf 80' lang='lat' dir='ltr'>equum]</span> <span class='ocrx_word' id='word_1_89' title='bbox 593 1359 787 1398; x_wconf 88' lang='lat' dir='ltr'>«Verum</span> <span class='ocrx_word' id='word_1_90' title='bbox 819 1358 855 1397; x_wconf 89' lang='lat' dir='ltr'>si</span> <span class='ocrx_word' id='word_1_91' title='bbox 891 1356 1113 1408; x_wconf 88' lang='lat' dir='ltr'>cupidita-</span> 
     </span>
     <span class='ocr_line' id='line_1_17' title="bbox 225 1420 1113 1473; baseline -0.002 -11"><span class='ocrx_word' id='word_1_92' title='bbox 225 1425 293 1463; x_wconf 90' lang='lat' dir='ltr'>tes</span> <span class='ocrx_word' id='word_1_93' title='bbox 314 1420 681 1473; x_wconf 83' lang='lat' dir='ltr'>voluptatemque</span> <span class='ocrx_word' id='word_1_94' title='bbox 703 1420 1000 1472; x_wconf 81' lang='lat' dir='ltr'>temperantia</span> <span class='ocrx_word' id='word_1_95' title='bbox 1021 1420 1113 1460; x_wconf 89' lang='lat' dir='ltr'>fre-</span> 
     </span>
     <span class='ocr_line' id='line_1_18' title="bbox 225 1482 1113 1536; baseline -0.003 -11"><span class='ocrx_word' id='word_1_96' title='bbox 225 1496 332 1525; x_wconf 88' lang='lat' dir='ltr'>nare</span> <span class='ocrx_word' id='word_1_97' title='bbox 365 1484 442 1524; x_wconf 92' lang='lat' dir='ltr'>tibi</span> <span class='ocrx_word' id='word_1_98' title='bbox 481 1484 762 1536; x_wconf 88' lang='lat' dir='ltr'>propositum</span> <span class='ocrx_word' id='word_1_99' title='bbox 800 1485 889 1532; x_wconf 90' lang='lat' dir='ltr'>est,</span> <span class='ocrx_word' id='word_1_100' title='bbox 931 1482 1023 1532; x_wconf 90' lang='lat' dir='ltr'>fac,</span> <span class='ocrx_word' id='word_1_101' title='bbox 1065 1484 1113 1523; x_wconf 90' lang='lat' dir='ltr'>ut</span> 
     </span>
     <span class='ocr_line' id='line_1_19' title="bbox 225 1546 1111 1597; baseline -0.002 -9"><span class='ocrx_word' id='word_1_102' title='bbox 225 1549 420 1597; x_wconf 87' lang='lat' dir='ltr'>mature,</span> <span class='ocrx_word' id='word_1_103' title='bbox 454 1547 592 1586; x_wconf 90' lang='lat' dir='ltr'>immo</span> <span class='ocrx_word' id='word_1_104' title='bbox 610 1547 782 1595; x_wconf 86' lang='lat' dir='ltr'>statim,</span> <span class='ocrx_word' id='word_1_105' title='bbox 808 1546 916 1586; x_wconf 91' lang='lat' dir='ltr'>dum</span> <span class='ocrx_word' id='word_1_106' title='bbox 938 1546 1111 1586; x_wconf 85' lang='lat' dir='ltr'>iuvenis</span> 
     </span>
     <span class='ocr_line' id='line_1_20' title="bbox 226 1606 1113 1666; baseline -0.003 -15"><span class='ocrx_word' id='word_1_107' title='bbox 226 1622 295 1660; x_wconf 90' lang='lat' dir='ltr'>es,</span> <span class='ocrx_word' id='word_1_108' title='bbox 329 1610 445 1650; x_wconf 90' lang='lat' dir='ltr'>hanc</span> <span class='ocrx_word' id='word_1_109' title='bbox 461 1606 703 1666; x_wconf 75' lang='grc' dir='ltr'><em>κάθαρσιν</em></span> <span class='ocrx_word' id='word_1_110' title='bbox 724 1607 931 1660; x_wconf 81' lang='lat' dir='ltr'>incipias,</span> <span class='ocrx_word' id='word_1_111' title='bbox 956 1619 1113 1659; x_wconf 89' lang='lat' dir='ltr'>quem-</span> 
     </span>
     <span class='ocr_line' id='line_1_21' title="bbox 225 1667 1108 1724; baseline -0.003 -11"><span class='ocrx_word' id='word_1_112' title='bbox 225 1673 471 1713; x_wconf 85' lang='lat' dir='ltr'>admodum</span> <span class='ocrx_word' id='word_1_113' title='bbox 486 1673 686 1724; x_wconf 71' lang='lat' dir='ltr'>mayister</span> <span class='ocrx_word' id='word_1_114' title='bbox 697 1667 1108 1724; x_wconf 72' lang='grc' dir='ltr'><em>(ἱπποὸαμάστης,</em></span> 
     </span>
     <span class='ocr_line' id='line_1_22' title="bbox 226 1735 1107 1788; baseline -0.002 -11"><span class='ocrx_word' id='word_1_115' title='bbox 226 1736 429 1787; x_wconf 77' lang='lat' dir='ltr'>domitor)</span> <span class='ocrx_word' id='word_1_116' title='bbox 464 1747 630 1787; x_wconf 88' lang='lat' dir='ltr'>equum</span> <span class='ocrx_word' id='word_1_117' title='bbox 660 1736 816 1788; x_wconf 89' lang='lat' dir='ltr'>primis</span> <span class='ocrx_word' id='word_1_118' title='bbox 847 1736 936 1775; x_wconf 87' lang='lat' dir='ltr'>iam</span> <span class='ocrx_word' id='word_1_119' title='bbox 966 1735 1107 1785; x_wconf 88' lang='lat' dir='ltr'>annis,</span> 
     </span>
     <span class='ocr_line' id='line_1_23' title="bbox 225 1799 1112 1852; baseline -0.001 -12"><span class='ocrx_word' id='word_1_120' title='bbox 225 1800 335 1840; x_wconf 90' lang='lat' dir='ltr'>dum</span> <span class='ocrx_word' id='word_1_121' title='bbox 365 1799 518 1840; x_wconf 90' lang='lat' dir='ltr'>docilis</span> <span class='ocrx_word' id='word_1_122' title='bbox 537 1802 626 1849; x_wconf 88' lang='lat' dir='ltr'>est,</span> <span class='ocrx_word' id='word_1_123' title='bbox 656 1800 779 1852; x_wconf 66' lang='lat' dir='ltr'>finqit</span> <span class='ocrx_word' id='word_1_124' title='bbox 797 1800 860 1840; x_wconf 87' lang='lat' dir='ltr'>ire</span> <span class='ocrx_word' id='word_1_125' title='bbox 877 1799 975 1851; x_wconf 86' lang='lat' dir='ltr'>(«ad</span> <span class='ocrx_word' id='word_1_126' title='bbox 998 1811 1112 1839; x_wconf 91' lang='lat' dir='ltr'>eun-</span> 
     </span>
     <span class='ocr_line' id='line_1_24' title="bbox 225 1863 1105 1915; baseline 0 -11"><span class='ocrx_word' id='word_1_127' title='bbox 225 1864 390 1915; x_wconf 90' lang='lat' dir='ltr'>dum»)‚</span> <span class='ocrx_word' id='word_1_128' title='bbox 436 1863 597 1903; x_wconf 89' lang='lat' dir='ltr'>«docet</span> <span class='ocrx_word' id='word_1_129' title='bbox 633 1863 806 1914; x_wconf 82' lang='lat' dir='ltr'>ingredi</span> <span class='ocrx_word' id='word_1_130' title='bbox 842 1864 987 1903; x_wconf 68' lang='lat' dir='ltr'>viam»</span> <span class='ocrx_word' id='word_1_131' title='bbox 1021 1865 1105 1903; x_wconf 88' lang='lat' dir='ltr'>cet.</span> 
     </span>
     <span class='ocr_line' id='line_1_25' title="bbox 224 1925 1107 1979; baseline 0 -13"><span class='ocrx_word' id='word_1_132' title='bbox 224 1926 402 1979; x_wconf 61' lang='lat' dir='ltr'>Fingere</span> <span class='ocrx_word' id='word_1_133' title='bbox 430 1927 474 1966; x_wconf 90' lang='lat' dir='ltr'>h.</span> <span class='ocrx_word' id='word_1_134' title='bbox 507 1925 536 1966; x_wconf 87' lang='lat' dir='ltr'>l.</span> <span class='ocrx_word' id='word_1_135' title='bbox 563 1926 799 1975; x_wconf 87' lang='lat' dir='ltr'>«formare,</span> <span class='ocrx_word' id='word_1_136' title='bbox 832 1927 1107 1967; x_wconf 81' lang='lat' dir='ltr'>instituere.»</span> 
     </span>
     <span class='ocr_line' id='line_1_26' title="bbox 222 1989 1103 2041; baseline -0.001 -11"><span class='ocrx_word' id='word_1_137' title='bbox 222 1989 291 2030; x_wconf 90' lang='lat' dir='ltr'>Ad</span> <span class='ocrx_word' id='word_1_138' title='bbox 320 2000 418 2030; x_wconf 89' lang='lat' dir='ltr'>rem</span> <span class='ocrx_word' id='word_1_139' title='bbox 449 1989 504 2030; x_wconf 87' lang='lat' dir='ltr'>cf.</span> <span class='ocrx_word' id='word_1_140' title='bbox 541 1989 661 2040; x_wconf 80' lang='lat' dir='ltr'>Virg.</span> <span class='ocrx_word' id='word_1_141' title='bbox 703 1991 860 2041; x_wconf 80' lang='lat' dir='ltr'>Georg.</span> <span class='ocrx_word' id='word_1_142' title='bbox 899 1989 948 2039; x_wconf 88' lang='lat'>3,</span> <span class='ocrx_word' id='word_1_143' title='bbox 998 1989 1103 2029; x_wconf 72' lang='lat'>1¹90:</span> 
     </span>
     <span class='ocr_line' id='line_1_27' title="bbox 223 2051 1111 2101; baseline 0 -9"><span class='ocrx_word' id='word_1_144' title='bbox 223 2053 273 2092; x_wconf 88' lang='lat' dir='ltr'>At</span> <span class='ocrx_word' id='word_1_145' title='bbox 313 2052 445 2092; x_wconf 86' lang='lat' dir='ltr'>tribus</span> <span class='ocrx_word' id='word_1_146' title='bbox 482 2053 643 2092; x_wconf 68' lang='lat' dir='ltr'>exactis</span> <span class='ocrx_word' id='word_1_147' title='bbox 681 2051 751 2091; x_wconf 82' lang='lat' dir='ltr'>ubi</span> <span class='ocrx_word' id='word_1_148' title='bbox 792 2056 950 2101; x_wconf 81' lang='lat' dir='ltr'>quarta</span> <span class='ocrx_word' id='word_1_149' title='bbox 989 2063 1111 2092; x_wconf 83' lang='lat' dir='ltr'>acee-</span> 
     </span>
     <span class='ocr_line' id='line_1_28' title="bbox 218 2115 1112 2166; baseline 0.001 -12"><span class='ocrx_word' id='word_1_150' title='bbox 218 2116 332 2166; x_wconf 80' lang='lat' dir='ltr'>perit</span> <span class='ocrx_word' id='word_1_151' title='bbox 358 2119 515 2164; x_wconf 73' lang='lat' dir='ltr'>aestas,</span> <span class='ocrx_word' id='word_1_152' title='bbox 550 2115 731 2166; x_wconf 77' lang='lat' dir='ltr'>Carpere</span> <span class='ocrx_word' id='word_1_153' title='bbox 751 2127 853 2155; x_wconf 59' lang='lat' dir='ltr'>mox</span> <span class='ocrx_word' id='word_1_154' title='bbox 873 2127 1028 2166; x_wconf 70' lang='lat' dir='ltr'>yyrum</span> <span class='ocrx_word' id='word_1_155' title='bbox 1048 2115 1112 2155; x_wconf 89' lang='lat' dir='ltr'>in-</span> 
     </span>
     <span class='ocr_line' id='line_1_29' title="bbox 224 2177 1111 2229; baseline 0.001 -12"><span class='ocrx_word' id='word_1_156' title='bbox 224 2178 353 2228; x_wconf 84' lang='lat' dir='ltr'>cipiat</span> <span class='ocrx_word' id='word_1_157' title='bbox 397 2177 584 2228; x_wconf 83' lang='lat' dir='ltr'>(equus)</span> <span class='ocrx_word' id='word_1_158' title='bbox 629 2178 912 2229; x_wconf 63' lang='lat' dir='ltr'>gradibusque</span> <span class='ocrx_word' id='word_1_159' title='bbox 959 2188 1111 2218; x_wconf 87' lang='lat' dir='ltr'>sonare</span> 
     </span>
     <span class='ocr_line' id='line_1_30' title="bbox 227 2239 1141 2291; baseline -0.001 -11"><span class='ocrx_word' id='word_1_160' title='bbox 227 2240 468 2290; x_wconf 77' lang='lat' dir='ltr'>Compositis</span> <span class='ocrx_word' id='word_1_161' title='bbox 488 2242 572 2279; x_wconf 90' lang='lat' dir='ltr'>cet.</span> <span class='ocrx_word' id='word_1_162' title='bbox 603 2240 869 2291; x_wconf 81' lang='lat' dir='ltr'>Exquisitior</span> <span class='ocrx_word' id='word_1_163' title='bbox 889 2239 1019 2281; x_wconf 90' lang='lat' dir='ltr'>lectio</span> <span class='ocrx_word' id='word_1_164' title='bbox 1043 2242 1111 2280; x_wconf 91' lang='lat' dir='ltr'>est</span> <span class='ocrx_word' id='word_1_165' title='bbox 1139 2269 1141 2279; x_wconf 78' lang='grc'><strong>,</strong></span> 
     </span>
     <span class='ocr_line' id='line_1_31' title="bbox 225 2301 1111 2354; baseline -0.001 -11"><span class='ocrx_word' id='word_1_166' title='bbox 225 2315 334 2354; x_wconf 70' lang='lat' dir='ltr'>qua,</span> <span class='ocrx_word' id='word_1_167' title='bbox 368 2313 473 2342; x_wconf 89' lang='lat' dir='ltr'>nam</span> <span class='ocrx_word' id='word_1_168' title='bbox 502 2301 669 2342; x_wconf 89' lang='lat' dir='ltr'>librarii</span> <span class='ocrx_word' id='word_1_169' title='bbox 699 2301 869 2343; x_wconf 88' lang='lat' dir='ltr'>facilius</span> <span class='ocrx_word' id='word_1_170' title='bbox 901 2314 954 2343; x_wconf 93' lang='lat' dir='ltr'>eo</span> <span class='ocrx_word' id='word_1_171' title='bbox 985 2302 1111 2342; x_wconf 90' lang='lat' dir='ltr'>indu-</span> 
     </span>
     <span class='ocr_line' id='line_1_32' title="bbox 226 2365 1109 2415; baseline -0.003 -8"><span class='ocrx_word' id='word_1_172' title='bbox 226 2366 467 2415; x_wconf 89' lang='lat' dir='ltr'>cebantur,</span> <span class='ocrx_word' id='word_1_173' title='bbox 506 2367 554 2405; x_wconf 90' lang='lat' dir='ltr'>ut</span> <span class='ocrx_word' id='word_1_174' title='bbox 594 2366 678 2405; x_wconf 88' lang='lat' dir='ltr'>hoc</span> <span class='ocrx_word' id='word_1_175' title='bbox 708 2376 751 2405; x_wconf 79' lang='lat' dir='ltr'>v.</span> <span class='ocrx_word' id='word_1_176' title='bbox 789 2365 1109 2405; x_wconf 89' lang='lat' dir='ltr'>accommoda-</span> 
     </span>
     <span class='ocr_line' id='line_1_33' title="bbox 225 2420 1141 2481; baseline -0.002 -11"><span class='ocrx_word' id='word_1_177' title='bbox 225 2432 326 2470; x_wconf 87' lang='lat' dir='ltr'>rent</span> <span class='ocrx_word' id='word_1_178' title='bbox 355 2429 412 2469; x_wconf 87' lang='lat' dir='ltr'>ad</span> <span class='ocrx_word' id='word_1_179' title='bbox 440 2428 745 2481; x_wconf 87' lang='lat' dir='ltr'>praecedens,</span> <span class='ocrx_word' id='word_1_180' title='bbox 780 2439 916 2479; x_wconf 90' lang='lat' dir='ltr'>quam</span> <span class='ocrx_word' id='word_1_181' title='bbox 938 2431 1106 2468; x_wconf 89' lang='lat' dir='ltr'>contra.</span> <span class='ocrx_word' id='word_1_182' title='bbox 1138 2420 1141 2460; x_wconf 77' lang='lat' dir='ltr'>l</span> 
     </span>
     <span class='ocr_line' id='line_1_34' title="bbox 227 2463 1141 2563; baseline -0.002 -30"><span class='ocrx_word' id='word_1_183' title='bbox 227 2494 315 2534; x_wconf 77' lang='lat' dir='ltr'>Liv.</span> <span class='ocrx_word' id='word_1_184' title='bbox 339 2492 414 2540; x_wconf 75' lang='lat'>32,</span> <span class='ocrx_word' id='word_1_185' title='bbox 441 2493 510 2532; x_wconf 73' lang='lat'>44:</span> <span class='ocrx_word' id='word_1_186' title='bbox 544 2493 700 2537; x_wconf 67' lang='lat' dir='ltr'>Pedites</span> <span class='ocrx_word' id='word_1_187' title='bbox 722 2490 890 2543; x_wconf 78' lang='lat' dir='ltr'>(iubet),</span> <span class='ocrx_word' id='word_1_188' title='bbox 916 2503 1000 2541; x_wconf 74' lang='lat' dir='ltr'>qua</span> <span class='ocrx_word' id='word_1_189' title='bbox 1021 2493 1110 2531; x_wconf 59' lang='lat' dir='ltr'>dux</span> <span class='ocrx_word' id='word_1_190' title='bbox 1138 2463 1141 2563; x_wconf 75' lang='lat' dir='ltr'>J</span> 
     </span>
     <span class='ocr_line' id='line_1_35' title="bbox 224 2555 1141 2606; baseline -0.001 -10"><span class='ocrx_word' id='word_1_191' title='bbox 224 2559 479 2596; x_wconf 83' lang='lat' dir='ltr'>monstraret</span> <span class='ocrx_word' id='word_1_192' title='bbox 497 2555 634 2604; x_wconf 80' lang='lat' dir='ltr'>viam,</span> <span class='ocrx_word' id='word_1_193' title='bbox 669 2555 743 2594; x_wconf 83' lang='lat' dir='ltr'>ire.</span> <span class='ocrx_word' id='word_1_194' title='bbox 796 2556 982 2606; x_wconf 90' lang='lat' dir='ltr'>Propter</span> <span class='ocrx_word' id='word_1_195' title='bbox 1005 2566 1110 2595; x_wconf 84' lang='lat' dir='ltr'>cae·</span> <span class='ocrx_word' id='word_1_196' title='bbox 1137 2566 1141 2604; x_wconf 65' lang='grc' dir='ltr'>ε</span> 
     </span>
     <span class='ocr_line' id='line_1_36' title="bbox 227 2618 1110 2669; baseline -0.003 -9"><span class='ocrx_word' id='word_1_197' title='bbox 227 2630 382 2660; x_wconf 90' lang='lat' dir='ltr'>suram</span> <span class='ocrx_word' id='word_1_198' title='bbox 412 2620 563 2658; x_wconf 88' lang='lat' dir='ltr'>autem</span> <span class='ocrx_word' id='word_1_199' title='bbox 593 2618 724 2668; x_wconf 85' lang='lat' dir='ltr'>iungo</span> <span class='ocrx_word' id='word_1_200' title='bbox 755 2618 822 2657; x_wconf 90' lang='lat' dir='ltr'>Ire</span> <span class='ocrx_word' id='word_1_201' title='bbox 849 2618 988 2668; x_wconf 68' lang='lat' dir='ltr'>riam,</span> <span class='ocrx_word' id='word_1_202' title='bbox 1025 2630 1110 2669; x_wconf 77' lang='lat' dir='ltr'>qua</span> 
     </span>
     <span class='ocr_line' id='line_1_37' title="bbox 224 2675 1141 2733; baseline -0.001 -11"><span class='ocrx_word' id='word_1_203' title='bbox 224 2685 424 2722; x_wconf 74' lang='lat' dir='ltr'>monstret</span> <span class='ocrx_word' id='word_1_204' title='bbox 442 2681 590 2733; x_wconf 86' lang='lat' dir='ltr'>potius</span> <span class='ocrx_word' id='word_1_205' title='bbox 613 2691 750 2732; x_wconf 90' lang='lat' dir='ltr'>quam</span> <span class='ocrx_word' id='word_1_206' title='bbox 768 2681 858 2731; x_wconf 75' lang='lat' dir='ltr'>Ire,</span> <span class='ocrx_word' id='word_1_207' title='bbox 889 2681 1004 2721; x_wconf 75' lang='lat' dir='ltr'>viam</span> <span class='ocrx_word' id='word_1_208' title='bbox 1025 2692 1109 2731; x_wconf 81' lang='lat' dir='ltr'>qua</span> <span class='ocrx_word' id='word_1_209' title='bbox 1138 2675 1141 2728; x_wconf 63' lang='grc' dir='ltr'><strong><em>ῗ</em></strong></span> 
     </span>
     <span class='ocr_line' id='line_1_38' title="bbox 224 2743 1110 2794; baseline -0.001 -9"><span class='ocrx_word' id='word_1_210' title='bbox 224 2748 436 2785; x_wconf 80' lang='lat' dir='ltr'>monstret.</span> <span class='ocrx_word' id='word_1_211' title='bbox 486 2743 604 2794; x_wconf 85' lang='lat' dir='ltr'>Virg.</span> <span class='ocrx_word' id='word_1_212' title='bbox 628 2745 737 2783; x_wconf 86' lang='lat' dir='ltr'>Aen.</span> <span class='ocrx_word' id='word_1_213' title='bbox 762 2744 809 2792; x_wconf 88' lang='grc'>6,</span> <span class='ocrx_word' id='word_1_214' title='bbox 845 2744 946 2783; x_wconf 72' lang='lat'>422:</span> <span class='ocrx_word' id='word_1_215' title='bbox 994 2745 1110 2794; x_wconf 83' lang='lat' dir='ltr'>Itque</span> 
     </span>
     <span class='ocr_line' id='line_1_39' title="bbox 224 2806 1104 2858; baseline 0 -11"><span class='ocrx_word' id='word_1_216' title='bbox 224 2807 411 2856; x_wconf 82' lang='lat' dir='ltr'>reditque</span> <span class='ocrx_word' id='word_1_217' title='bbox 438 2806 568 2846; x_wconf 84' lang='lat' dir='ltr'>viam.</span> <span class='ocrx_word' id='word_1_218' title='bbox 620 2807 819 2858; x_wconf 86' lang='lat' dir='ltr'>Propert.</span> <span class='ocrx_word' id='word_1_219' title='bbox 859 2807 907 2856; x_wconf 84' lang='lat'>5,</span> <span class='ocrx_word' id='word_1_220' title='bbox 952 2808 998 2855; x_wconf 73' lang='lat'>4,</span> <span class='ocrx_word' id='word_1_221' title='bbox 1031 2807 1104 2847; x_wconf 87' lang='lat'>36:</span> 
     </span>
    </p>
   </div>
   <div class='ocr_carea' id='block_1_12' title="bbox 1137 2281 1142 2416">
    <p class='ocr_par' dir='ltr' id='par_1_12' title="bbox 1137 2281 1142 2416">
     <span class='ocr_line' id='line_1_40' title="bbox 1137 2281 1142 2416; baseline 0 1371"><span class='ocrx_word' id='word_1_222' title='bbox 1137 2281 1142 2416; x_wconf 95' lang='lat' dir='ltr'> </span> 
     </span>
    </p>
   </div>
   <div class='ocr_carea' id='block_1_13' title="bbox 1173 1168 2063 2603">
    <p class='ocr_par' dir='ltr' id='par_1_13' title="bbox 1173 1168 2063 2603">
     <span class='ocr_line' id='line_1_41' title="bbox 1178 1168 2057 1220; baseline 0 -12"><span class='ocrx_word' id='word_1_223' title='bbox 1178 1168 1340 1208; x_wconf 89' lang='lat' dir='ltr'>eadem</span> <span class='ocrx_word' id='word_1_224' title='bbox 1384 1169 1738 1217; x_wconf 87' lang='lat' dir='ltr'>constructione,</span> <span class='ocrx_word' id='word_1_225' title='bbox 1788 1179 1873 1220; x_wconf 87' lang='lat' dir='ltr'>qua</span> <span class='ocrx_word' id='word_1_226' title='bbox 1917 1168 2057 1220; x_wconf 89' lang='lat' dir='ltr'>Epod.</span> 
     </span>
     <span class='ocr_line' id='line_1_42' title="bbox 1176 1231 2063 1280; baseline 0 -9"><span class='ocrx_word' id='word_1_227' title='bbox 1176 1232 1222 1280; x_wconf 89' lang='lat'>5,</span> <span class='ocrx_word' id='word_1_228' title='bbox 1256 1232 1330 1271; x_wconf 77' lang='lat'>57:</span> <span class='ocrx_word' id='word_1_229' title='bbox 1364 1232 1603 1271; x_wconf 83' lang='lat' dir='ltr'>adulterum</span> <span class='ocrx_word' id='word_1_230' title='bbox 1633 1232 1785 1271; x_wconf 84' lang='lat' dir='ltr'>latrent</span> <span class='ocrx_word' id='word_1_231' title='bbox 1811 1231 2063 1272; x_wconf 78' lang='lat' dir='ltr'>Suburanae</span> 
     </span>
     <span class='ocr_line' id='line_1_43' title="bbox 1176 1293 2060 1346; baseline 0 -12"><span class='ocrx_word' id='word_1_232' title='bbox 1176 1305 1312 1334; x_wconf 75' lang='lat' dir='ltr'>canes,</span> <span class='ocrx_word' id='word_1_233' title='bbox 1360 1295 1495 1334; x_wconf 90' lang='lat' dir='ltr'>Pauci</span> <span class='ocrx_word' id='word_1_234' title='bbox 1517 1295 1629 1334; x_wconf 86' lang='lat' dir='ltr'>Feae</span> <span class='ocrx_word' id='word_1_235' title='bbox 1654 1293 1794 1334; x_wconf 90' lang='lat' dir='ltr'>Codd.</span> <span class='ocrx_word' id='word_1_236' title='bbox 1819 1305 2060 1346; x_wconf 88' lang='lat' dir='ltr'>perperam</span> 
     </span>
     <span class='ocr_line' id='line_1_44' title="bbox 1176 1355 2060 1408; baseline 0 -12"><span class='ocrx_word' id='word_1_237' title='bbox 1176 1357 1401 1406; x_wconf 79' lang='lat' dir='ltr'>laceravit,</span> <span class='ocrx_word' id='word_1_238' title='bbox 1426 1355 1595 1407; x_wconf 90' lang='lat' dir='ltr'>nullus,</span> <span class='ocrx_word' id='word_1_239' title='bbox 1621 1356 1741 1408; x_wconf 91' lang='lat' dir='ltr'>quod</span> <span class='ocrx_word' id='word_1_240' title='bbox 1764 1358 1928 1405; x_wconf 89' lang='lat' dir='ltr'>sciam,</span> <span class='ocrx_word' id='word_1_241' title='bbox 1953 1357 2060 1396; x_wconf 80' lang='lat' dir='ltr'>alla-</span> 
     </span>
     <span class='ocr_line' id='line_1_45' title="bbox 1175 1418 2061 1472; baseline 0.001 -13"><span class='ocrx_word' id='word_1_242' title='bbox 1175 1420 1317 1459; x_wconf 80' lang='lat' dir='ltr'>travit.</span> <span class='ocrx_word' id='word_1_243' title='bbox 1337 1441 1383 1448; x_wconf 82' lang='lat'>-</span> <span class='ocrx_word' id='word_1_244' title='bbox 1404 1419 1519 1472; x_wconf 84' lang='lat' dir='ltr'>aula]</span> <span class='ocrx_word' id='word_1_245' title='bbox 1544 1420 1775 1460; x_wconf 85' lang='lat' dir='ltr'>honestius</span> <span class='ocrx_word' id='word_1_246' title='bbox 1790 1418 2061 1460; x_wconf 76' lang='lat' dir='ltr'>vocabulum</span> 
     </span>
     <span class='ocr_line' id='line_1_46' title="bbox 1177 1483 2058 1534; baseline 0 -12"><span class='ocrx_word' id='word_1_247' title='bbox 1177 1484 1398 1523; x_wconf 89' lang='lat' dir='ltr'>Graecum</span> <span class='ocrx_word' id='word_1_248' title='bbox 1427 1493 1509 1534; x_wconf 91' lang='lat' dir='ltr'>pro</span> <span class='ocrx_word' id='word_1_249' title='bbox 1541 1483 1694 1522; x_wconf 89' lang='lat' dir='ltr'>Latino</span> <span class='ocrx_word' id='word_1_250' title='bbox 1724 1483 1889 1532; x_wconf 83' lang='lat' dir='ltr'>chorte,</span> <span class='ocrx_word' id='word_1_251' title='bbox 1922 1487 2058 1531; x_wconf 85' lang='lat' dir='ltr'>corte,</span> 
     </span>
     <span class='ocr_line' id='line_1_47' title="bbox 1175 1544 2061 1597; baseline 0.001 -12"><span class='ocrx_word' id='word_1_252' title='bbox 1175 1544 1272 1585; x_wconf 89' lang='lat' dir='ltr'>loco</span> <span class='ocrx_word' id='word_1_253' title='bbox 1290 1547 1468 1597; x_wconf 89' lang='lat' dir='ltr'>saept0,</span> <span class='ocrx_word' id='word_1_254' title='bbox 1491 1546 1536 1584; x_wconf 75' lang='lat' dir='ltr'>In</span> <span class='ocrx_word' id='word_1_255' title='bbox 1560 1556 1648 1596; x_wconf 91' lang='lat' dir='ltr'>quo</span> <span class='ocrx_word' id='word_1_256' title='bbox 1669 1545 1864 1585; x_wconf 72' lang='lat' dir='ltr'>cuiusvis</span> <span class='ocrx_word' id='word_1_257' title='bbox 1886 1546 2061 1596; x_wconf 84' lang='lat' dir='ltr'>generis</span> 
     </span>
     <span class='ocr_line' id='line_1_48' title="bbox 1175 1607 2060 1657; baseline -0.001 -9"><span class='ocrx_word' id='word_1_258' title='bbox 1175 1608 1381 1649; x_wconf 90' lang='lat' dir='ltr'>animalia</span> <span class='ocrx_word' id='word_1_259' title='bbox 1412 1607 1667 1657; x_wconf 86' lang='lat' dir='ltr'>alebantur,</span> <span class='ocrx_word' id='word_1_260' title='bbox 1702 1619 1839 1649; x_wconf 90' lang='lat' dir='ltr'>canes</span> <span class='ocrx_word' id='word_1_261' title='bbox 1868 1609 2060 1648; x_wconf 68' lang='lat' dir='ltr'>venatici</span> 
     </span>
     <span class='ocr_line' id='line_1_49' title="bbox 1176 1671 2057 1722; baseline -0.001 -10"><span class='ocrx_word' id='word_1_262' title='bbox 1176 1673 1310 1712; x_wconf 87' lang='lat' dir='ltr'>etiam</span> <span class='ocrx_word' id='word_1_263' title='bbox 1326 1671 1666 1712; x_wconf 80' lang='lat' dir='ltr'>exercebantur.</span> <span class='ocrx_word' id='word_1_264' title='bbox 1699 1671 1871 1712; x_wconf 87' lang='lat' dir='ltr'>Gratius</span> <span class='ocrx_word' id='word_1_265' title='bbox 1889 1672 2057 1722; x_wconf 74' lang='lat' dir='ltr'>Cyneg.</span> 
     </span>
     <span class='ocr_line' id='line_1_50' title="bbox 1178 1735 2062 1785; baseline -0.003 -10"><span class='ocrx_word' id='word_1_266' title='bbox 1178 1736 1282 1775; x_wconf 76' lang='lat'>467:</span> <span class='ocrx_word' id='word_1_267' title='bbox 1316 1735 1397 1774; x_wconf 85' lang='lat' dir='ltr'>Secl</span> <span class='ocrx_word' id='word_1_268' title='bbox 1420 1745 1625 1785; x_wconf 79' lang='lat' dir='ltr'>praeceps</span> <span class='ocrx_word' id='word_1_269' title='bbox 1654 1735 1789 1773; x_wconf 70' lang='lat' dir='ltr'>virtus</span> <span class='ocrx_word' id='word_1_270' title='bbox 1817 1735 1912 1784; x_wconf 76' lang='lat' dir='ltr'>ipsa</span> <span class='ocrx_word' id='word_1_271' title='bbox 1929 1744 2062 1773; x_wconf 72' lang='lat' dir='ltr'>vena-</span> 
     </span>
     <span class='ocr_line' id='line_1_51' title="bbox 1175 1796 2062 1850; baseline -0.002 -13"><span class='ocrx_word' id='word_1_272' title='bbox 1175 1798 1287 1837; x_wconf 89' lang='lat' dir='ltr'>bitur</span> <span class='ocrx_word' id='word_1_273' title='bbox 1315 1798 1430 1837; x_wconf 86' lang='lat' dir='ltr'>aula.</span> <span class='ocrx_word' id='word_1_274' title='bbox 1469 1820 1513 1825; x_wconf 81' lang='lat'>—-</span> <span class='ocrx_word' id='word_1_275' title='bbox 1546 1797 1719 1850; x_wconf 82' lang='lat' dir='ltr'>Militat]</span> <span class='ocrx_word' id='word_1_276' title='bbox 1756 1796 1897 1836; x_wconf 86' lang='lat' dir='ltr'>«feras</span> <span class='ocrx_word' id='word_1_277' title='bbox 1919 1797 2062 1835; x_wconf 90' lang='lat' dir='ltr'>secta-</span> 
     </span>
     <span class='ocr_line' id='line_1_52' title="bbox 1175 1859 2061 1911; baseline -0.002 -11"><span class='ocrx_word' id='word_1_278' title='bbox 1175 1863 1296 1909; x_wconf 81' lang='lat' dir='ltr'>tur3»</span> <span class='ocrx_word' id='word_1_279' title='bbox 1328 1860 1550 1911; x_wconf 85' lang='lat' dir='ltr'>frequenti</span> <span class='ocrx_word' id='word_1_280' title='bbox 1581 1860 1914 1911; x_wconf 87' lang='lat' dir='ltr'>comparatione</span> <span class='ocrx_word' id='word_1_281' title='bbox 1945 1859 2061 1898; x_wconf 88' lang='lat' dir='ltr'>inter</span> 
     </span>
     <span class='ocr_line' id='line_1_53' title="bbox 1174 1921 2060 1964; baseline -0.001 -2"><span class='ocrx_word' id='word_1_282' title='bbox 1174 1924 1461 1964; x_wconf 82' lang='lat' dir='ltr'>venationem</span> <span class='ocrx_word' id='word_1_283' title='bbox 1504 1925 1547 1963; x_wconf 91' lang='lat' dir='ltr'>et</span> <span class='ocrx_word' id='word_1_284' title='bbox 1590 1921 1806 1962; x_wconf 89' lang='lat' dir='ltr'>militiam.</span> <span class='ocrx_word' id='word_1_285' title='bbox 1879 1921 1967 1962; x_wconf 87' lang='lat' dir='ltr'>Cfr.</span> <span class='ocrx_word' id='word_1_286' title='bbox 2004 1921 2060 1961; x_wconf 91' lang='lat' dir='ltr'>ad</span> 
     </span>
     <span class='ocr_line' id='line_1_54' title="bbox 1175 1984 2061 2036; baseline -0.002 -9"><span class='ocrx_word' id='word_1_287' title='bbox 1175 1988 1263 2027; x_wconf 85' lang='lat' dir='ltr'>Sat.</span> <span class='ocrx_word' id='word_1_288' title='bbox 1287 1988 1333 2036; x_wconf 70' lang='grc' dir='ltr'>ΞΖ,</span> <span class='ocrx_word' id='word_1_289' title='bbox 1368 1988 1414 2036; x_wconf 67' lang='lat'>2,</span> <span class='ocrx_word' id='word_1_290' title='bbox 1450 1986 1534 2036; x_wconf 58' lang='lat'>40„</span> <span class='ocrx_word' id='word_1_291' title='bbox 1567 1984 1645 2025; x_wconf 90' lang='lat' dir='ltr'>ubi</span> <span class='ocrx_word' id='word_1_292' title='bbox 1674 1984 1959 2025; x_wconf 71' lang='lat' dir='ltr'>venationem</span> <span class='ocrx_word' id='word_1_293' title='bbox 1978 1995 2061 2025; x_wconf 82' lang='lat' dir='ltr'>vo-</span> 
     </span>
     <span class='ocr_line' id='line_1_55' title="bbox 1175 2047 2057 2091; baseline -0.003 -1"><span class='ocrx_word' id='word_1_294' title='bbox 1175 2052 1246 2090; x_wconf 87' lang='lat' dir='ltr'>cat</span> <span class='ocrx_word' id='word_1_295' title='bbox 1274 2052 1511 2091; x_wconf 87' lang='lat' dir='ltr'>Romanam</span> <span class='ocrx_word' id='word_1_296' title='bbox 1543 2049 1753 2089; x_wconf 86' lang='lat' dir='ltr'>militiam.</span> <span class='ocrx_word' id='word_1_297' title='bbox 1801 2047 1924 2088; x_wconf 91' lang='lat' dir='ltr'>Ovid.</span> <span class='ocrx_word' id='word_1_298' title='bbox 1954 2049 2057 2088; x_wconf 83' lang='lat' dir='ltr'>Met.</span> 
     </span>
     <span class='ocr_line' id='line_1_56' title="bbox 1173 2111 2062 2164; baseline -0.006 -9"><span class='ocrx_word' id='word_1_299' title='bbox 1173 2115 1214 2164; x_wconf 74' lang='lat'>2,</span> <span class='ocrx_word' id='word_1_300' title='bbox 1235 2113 1329 2155; x_wconf 75' lang='lat'>445.</span> <span class='ocrx_word' id='word_1_301' title='bbox 1350 2113 1405 2153; x_wconf 91' lang='lat' dir='ltr'>de</span> <span class='ocrx_word' id='word_1_302' title='bbox 1423 2112 1672 2153; x_wconf 87' lang='lat' dir='ltr'>venatrice:</span> <span class='ocrx_word' id='word_1_303' title='bbox 1695 2111 1814 2151; x_wconf 84' lang='lat' dir='ltr'>Miles</span> <span class='ocrx_word' id='word_1_304' title='bbox 1827 2115 1919 2150; x_wconf 86' lang='lat' dir='ltr'>erat</span> <span class='ocrx_word' id='word_1_305' title='bbox 1937 2111 2062 2151; x_wconf 87' lang='lat' dir='ltr'>Phoe-</span> 
     </span>
     <span class='ocr_line' id='line_1_57' title="bbox 1174 2172 2060 2225; baseline -0.006 -8"><span class='ocrx_word' id='word_1_306' title='bbox 1174 2177 1252 2218; x_wconf 89' lang='lat' dir='ltr'>bes.</span> <span class='ocrx_word' id='word_1_307' title='bbox 1292 2199 1335 2205; x_wconf 93' lang='lat'><strong>—</strong></span> <span class='ocrx_word' id='word_1_308' title='bbox 1377 2175 1632 2217; x_wconf 88' lang='lat' dir='ltr'>Admodum</span> <span class='ocrx_word' id='word_1_309' title='bbox 1677 2172 1828 2215; x_wconf 89' lang='lat' dir='ltr'>similis</span> <span class='ocrx_word' id='word_1_310' title='bbox 1874 2184 2060 2225; x_wconf 85' lang='lat' dir='ltr'>compa-</span> 
     </span>
     <span class='ocr_line' id='line_1_58' title="bbox 1173 2239 2058 2291; baseline -0.003 -11"><span class='ocrx_word' id='word_1_311' title='bbox 1173 2241 1285 2280; x_wconf 86' lang='lat' dir='ltr'>ratio</span> <span class='ocrx_word' id='word_1_312' title='bbox 1327 2250 1548 2291; x_wconf 89' lang='lat' dir='ltr'>equorum</span> <span class='ocrx_word' id='word_1_313' title='bbox 1590 2240 1634 2279; x_wconf 89' lang='lat' dir='ltr'>et</span> <span class='ocrx_word' id='word_1_314' title='bbox 1678 2249 1842 2278; x_wconf 87' lang='lat' dir='ltr'>canum</span> <span class='ocrx_word' id='word_1_315' title='bbox 1883 2239 2058 2278; x_wconf 85' lang='lat' dir='ltr'>mature</span> 
     </span>
     <span class='ocr_line' id='line_1_59' title="bbox 1174 2300 2061 2353; baseline -0.005 -10"><span class='ocrx_word' id='word_1_316' title='bbox 1174 2303 1231 2343; x_wconf 91' lang='lat' dir='ltr'>ad</span> <span class='ocrx_word' id='word_1_317' title='bbox 1275 2314 1407 2343; x_wconf 89' lang='lat' dir='ltr'>suum</span> <span class='ocrx_word' id='word_1_318' title='bbox 1451 2312 1564 2353; x_wconf 90' lang='lat' dir='ltr'>opus</span> <span class='ocrx_word' id='word_1_319' title='bbox 1608 2300 1947 2341; x_wconf 87' lang='lat' dir='ltr'>formandorum</span> <span class='ocrx_word' id='word_1_320' title='bbox 1991 2302 2061 2339; x_wconf 88' lang='lat' dir='ltr'>est</span> 
     </span>
     <span class='ocr_line' id='line_1_60' title="bbox 1174 2363 2054 2418; baseline -0.003 -13"><span class='ocrx_word' id='word_1_321' title='bbox 1174 2365 1294 2418; x_wconf 89' lang='lat' dir='ltr'>apud</span> <span class='ocrx_word' id='word_1_322' title='bbox 1335 2365 1538 2416; x_wconf 81' lang='lat' dir='ltr'>Xenoph.</span> <span class='ocrx_word' id='word_1_323' title='bbox 1577 2365 1708 2404; x_wconf 86' lang='lat' dir='ltr'>Mem.</span> <span class='ocrx_word' id='word_1_324' title='bbox 1742 2363 1788 2412; x_wconf 77' lang='lat'>4,</span> <span class='ocrx_word' id='word_1_325' title='bbox 1830 2363 1878 2412; x_wconf 73' lang='lat'>4,</span> <span class='ocrx_word' id='word_1_326' title='bbox 1921 2363 1961 2402; x_wconf 98' lang='lat'>3.</span> <span class='ocrx_word' id='word_1_327' title='bbox 2009 2385 2054 2390; x_wconf 91' lang='lat'>—</span> 
     </span>
     <span class='ocr_line' id='line_1_61' title="bbox 1173 2425 2058 2478; baseline -0.007 -9"><span class='ocrx_word' id='word_1_328' title='bbox 1173 2431 1295 2469; x_wconf 78' lang='lat' dir='ltr'>Nunc</span> <span class='ocrx_word' id='word_1_329' title='bbox 1316 2451 1339 2457; x_wconf 96' lang='lat'>-</span> <span class='ocrx_word' id='word_1_330' title='bbox 1358 2450 1381 2456; x_wconf 94' lang='lat'>-</span> <span class='ocrx_word' id='word_1_331' title='bbox 1400 2427 1524 2478; x_wconf 82' lang='lat' dir='ltr'>nunc]</span> <span class='ocrx_word' id='word_1_332' title='bbox 1549 2427 1662 2466; x_wconf 92' lang='lat' dir='ltr'>Cum</span> <span class='ocrx_word' id='word_1_333' title='bbox 1682 2426 1725 2464; x_wconf 72' lang='lat' dir='ltr'>vi</span> <span class='ocrx_word' id='word_1_334' title='bbox 1745 2426 1962 2477; x_wconf 88' lang='lat' dir='ltr'>repetitur</span> <span class='ocrx_word' id='word_1_335' title='bbox 1982 2425 2058 2464; x_wconf 88' lang='lat' dir='ltr'>ad-</span> 
     </span>
     <span class='ocr_line' id='line_1_62' title="bbox 1174 2486 2056 2541; baseline -0.006 -10"><span class='ocrx_word' id='word_1_336' title='bbox 1174 2491 1379 2531; x_wconf 80' lang='lat' dir='ltr'>verbium</span> <span class='ocrx_word' id='word_1_337' title='bbox 1426 2499 1642 2541; x_wconf 88' lang='lat' dir='ltr'>praesens</span> <span class='ocrx_word' id='word_1_338' title='bbox 1691 2490 1869 2539; x_wconf 88' lang='lat' dir='ltr'>tempus</span> <span class='ocrx_word' id='word_1_339' title='bbox 1914 2486 2056 2527; x_wconf 90' lang='lat' dir='ltr'>deno-</span> 
     </span>
     <span class='ocr_line' id='line_1_63' title="bbox 1173 2551 2055 2603; baseline -0.007 -8"><span class='ocrx_word' id='word_1_340' title='bbox 1173 2556 1293 2595; x_wconf 88' lang='lat' dir='ltr'>tans:</span> <span class='ocrx_word' id='word_1_341' title='bbox 1330 2551 1464 2599; x_wconf 82' lang='lat' dir='ltr'>«Noli,</span> <span class='ocrx_word' id='word_1_342' title='bbox 1499 2562 1683 2603; x_wconf 78' lang='lat' dir='ltr'>quaeso,</span> <span class='ocrx_word' id='word_1_343' title='bbox 1716 2551 1802 2590; x_wconf 88' lang='lat' dir='ltr'>hoc</span> <span class='ocrx_word' id='word_1_344' title='bbox 1829 2551 2055 2602; x_wconf 90' lang='lat' dir='ltr'>inceptum</span> 
     </span>
    </p>
   </div>
   <div class='ocr_carea' id='block_1_14' title="bbox 1138 2612 2053 2671">
    <p class='ocr_par' dir='ltr' id='par_1_14' title="bbox 1138 2612 2053 2671">
     <span class='ocr_line' id='line_1_64' title="bbox 1138 2612 2053 2671; baseline -0.005 -14"><span class='ocrx_word' id='word_1_345' title='bbox 1138 2620 1140 2671; x_wconf 65' lang='grc' dir='ltr'>ξ</span> <span class='ocrx_word' id='word_1_346' title='bbox 1175 2617 1377 2657; x_wconf 86' lang='lat' dir='ltr'>differre:</span> <span class='ocrx_word' id='word_1_347' title='bbox 1402 2615 1509 2667; x_wconf 81' lang='lat' dir='ltr'>fugit</span> <span class='ocrx_word' id='word_1_348' title='bbox 1524 2612 1812 2666; x_wconf 86' lang='lat' dir='ltr'>irreparabile</span> <span class='ocrx_word' id='word_1_349' title='bbox 1833 2615 2053 2664; x_wconf 84' lang='lat' dir='ltr'>tempus.»</span> 
     </span>
    </p>
   </div>
   <div class='ocr_carea' id='block_1_15' title="bbox 1175 2675 2056 2857">
    <p class='ocr_par' dir='ltr' id='par_1_15' title="bbox 1175 2675 2056 2857">
     <span class='ocr_line' id='line_1_65' title="bbox 1175 2675 2056 2729; baseline -0.006 -9"><span class='ocrx_word' id='word_1_350' title='bbox 1175 2703 1222 2710; x_wconf 90' lang='lat'>—</span> <span class='ocrx_word' id='word_1_351' title='bbox 1270 2679 1415 2720; x_wconf 85' lang='lat' dir='ltr'>adbibe</span> <span class='ocrx_word' id='word_1_352' title='bbox 1458 2677 1561 2729; x_wconf 86' lang='lat' dir='ltr'>cet.]</span> <span class='ocrx_word' id='word_1_353' title='bbox 1607 2677 1751 2717; x_wconf 83' lang='lat' dir='ltr'>«dum</span> <span class='ocrx_word' id='word_1_354' title='bbox 1794 2675 2056 2716; x_wconf 88' lang='lat' dir='ltr'>adolescens</span> 
     </span>
     <span class='ocr_line' id='line_1_66' title="bbox 1175 2737 2055 2793; baseline -0.007 -10"><span class='ocrx_word' id='word_1_355' title='bbox 1175 2755 1242 2793; x_wconf 89' lang='lat' dir='ltr'>es,</span> <span class='ocrx_word' id='word_1_356' title='bbox 1294 2742 1407 2783; x_wconf 88' lang='lat' dir='ltr'>liber</span> <span class='ocrx_word' id='word_1_357' title='bbox 1451 2741 1598 2781; x_wconf 88' lang='lat' dir='ltr'>adhuc</span> <span class='ocrx_word' id='word_1_358' title='bbox 1643 2751 1667 2779; x_wconf 88' lang='lat' dir='ltr'>a</span> <span class='ocrx_word' id='word_1_359' title='bbox 1709 2739 1848 2788; x_wconf 76' lang='lat' dir='ltr'>vitiis,</span> <span class='ocrx_word' id='word_1_360' title='bbox 1900 2737 2055 2778; x_wconf 87' lang='lat' dir='ltr'>libenti</span> 
     </span>
     <span class='ocr_line' id='line_1_67' title="bbox 1175 2799 2055 2857; baseline -0.009 -10"><span class='ocrx_word' id='word_1_361' title='bbox 1175 2807 1323 2847; x_wconf 89' lang='lat' dir='ltr'>animo</span> <span class='ocrx_word' id='word_1_362' title='bbox 1346 2804 1589 2857; x_wconf 86' lang='lat' dir='ltr'>sapientiae</span> <span class='ocrx_word' id='word_1_363' title='bbox 1610 2803 1853 2855; x_wconf 85' lang='lat' dir='ltr'>praecepta</span> <span class='ocrx_word' id='word_1_364' title='bbox 1875 2799 2055 2841; x_wconf 90' lang='lat' dir='ltr'>auscul-</span> 
     </span>
    </p>
   </div>
   <div class='ocr_carea' id='block_1_16' title="bbox 226 2866 2054 3546">
    <p class='ocr_par' dir='ltr' id='par_1_16' title="bbox 227 2866 2054 2921">
     <span class='ocr_line' id='line_1_68' title="bbox 227 2866 2054 2921; baseline -0.003 -13"><span class='ocrx_word' id='word_1_365' title='bbox 227 2870 339 2920; x_wconf 84' lang='lat' dir='ltr'>Hac,</span> <span class='ocrx_word' id='word_1_366' title='bbox 369 2869 440 2908; x_wconf 86' lang='lat' dir='ltr'>ubi</span> <span class='ocrx_word' id='word_1_367' title='bbox 470 2869 648 2909; x_wconf 85' lang='lat' dir='ltr'>Fidenas</span> <span class='ocrx_word' id='word_1_368' title='bbox 668 2869 787 2921; x_wconf 71' lang='lat' dir='ltr'>lonqe</span> <span class='ocrx_word' id='word_1_369' title='bbox 806 2874 900 2909; x_wconf 87' lang='lat' dir='ltr'>erat</span> <span class='ocrx_word' id='word_1_370' title='bbox 918 2871 981 2910; x_wconf 82' lang='lat' dir='ltr'>ire</span> <span class='ocrx_word' id='word_1_371' title='bbox 999 2871 1105 2910; x_wconf 82' lang='lat' dir='ltr'>vias.</span> <span class='ocrx_word' id='word_1_372' title='bbox 1138 2895 1139 2919; x_wconf 63' lang='lat'><em>3</em></span> <span class='ocrx_word' id='word_1_373' title='bbox 1176 2874 1262 2912; x_wconf 89' lang='lat' dir='ltr'>ta.»</span> <span class='ocrx_word' id='word_1_374' title='bbox 1293 2872 1442 2921; x_wconf 82' lang='lat' dir='ltr'>[mago</span> <span class='ocrx_word' id='word_1_375' title='bbox 1458 2868 1684 2919; x_wconf 88' lang='lat' dir='ltr'>frequens,</span> <span class='ocrx_word' id='word_1_376' title='bbox 1705 2866 1838 2906; x_wconf 89' lang='lat' dir='ltr'>etiam</span> <span class='ocrx_word' id='word_1_377' title='bbox 1858 2866 1902 2905; x_wconf 90' lang='lat' dir='ltr'>in</span> <span class='ocrx_word' id='word_1_378' title='bbox 1921 2874 2054 2916; x_wconf 87' lang='lat' dir='ltr'>prosa</span> 
     </span>
    </p>

    <p class='ocr_par' dir='ltr' id='par_1_17' title="bbox 226 2927 2054 3546">
     <span class='ocr_line' id='line_1_69' title="bbox 280 2927 2054 2985; baseline -0.003 -14"><span class='ocrx_word' id='word_1_379' title='bbox 280 2931 429 2971; x_wconf 80' lang='lat'>65-68.</span> <span class='ocrx_word' id='word_1_380' title='bbox 474 2932 688 2972; x_wconf 81' lang='lat' dir='ltr'>venaticus</span> <span class='ocrx_word' id='word_1_381' title='bbox 707 2955 730 2961; x_wconf 96' lang='lat'>-</span> <span class='ocrx_word' id='word_1_382' title='bbox 748 2955 772 2961; x_wconf 93' lang='lat'>—</span> <span class='ocrx_word' id='word_1_383' title='bbox 790 2933 969 2985; x_wconf 85' lang='lat' dir='ltr'>catulus]</span> <span class='ocrx_word' id='word_1_384' title='bbox 993 2944 1108 2985; x_wconf 91' lang='lat' dir='ltr'>«quo</span> <span class='ocrx_word' id='word_1_385' title='bbox 1173 2934 1372 2974; x_wconf 89' lang='lat' dir='ltr'>oratione</span> <span class='ocrx_word' id='word_1_386' title='bbox 1390 2964 1397 2981; x_wconf 93' lang='lat'>,</span> <span class='ocrx_word' id='word_1_387' title='bbox 1432 2941 1568 2983; x_wconf 89' lang='lat' dir='ltr'>quam</span> <span class='ocrx_word' id='word_1_388' title='bbox 1589 2927 1808 2977; x_wconf 90' lang='lat' dir='ltr'>nonnulli,</span> <span class='ocrx_word' id='word_1_389' title='bbox 1840 2929 1890 2967; x_wconf 92' lang='lat' dir='ltr'>ut</span> <span class='ocrx_word' id='word_1_390' title='bbox 1910 2927 2054 2967; x_wconf 89' lang='lat' dir='ltr'>Obba-</span> 
     </span>
     <span class='ocr_line' id='line_1_70' title="bbox 228 2989 2049 3044; baseline -0.002 -12"><span class='ocrx_word' id='word_1_391' title='bbox 228 2992 464 3044; x_wconf 86' lang='lat' dir='ltr'>aliquando</span> <span class='ocrx_word' id='word_1_392' title='bbox 501 2993 559 3033; x_wconf 89' lang='lat' dir='ltr'>ad</span> <span class='ocrx_word' id='word_1_393' title='bbox 597 2996 810 3036; x_wconf 88' lang='lat' dir='ltr'>venatum</span> <span class='ocrx_word' id='word_1_394' title='bbox 839 2997 904 3036; x_wconf 91' lang='lat' dir='ltr'>uti</span> <span class='ocrx_word' id='word_1_395' title='bbox 942 2997 1109 3037; x_wconf 86' lang='lat' dir='ltr'>consti-</span> <span class='ocrx_word' id='word_1_396' title='bbox 1173 2996 1287 3044; x_wconf 88' lang='lat' dir='ltr'>rius,</span> <span class='ocrx_word' id='word_1_397' title='bbox 1321 3006 1345 3034; x_wconf 92' lang='lat' dir='ltr'>a</span> <span class='ocrx_word' id='word_1_398' title='bbox 1375 2993 1474 3034; x_wconf 84' lang='lat' dir='ltr'>lana</span> <span class='ocrx_word' id='word_1_399' title='bbox 1497 2991 1704 3044; x_wconf 82' lang='lat' dir='ltr'>tingenda</span> <span class='ocrx_word' id='word_1_400' title='bbox 1727 2991 1953 3042; x_wconf 89' lang='lat' dir='ltr'>repetunt.</span> <span class='ocrx_word' id='word_1_401' title='bbox 1987 2989 2049 3029; x_wconf 93' lang='lat' dir='ltr'>Cf.</span> 
     </span>
     <span class='ocr_line' id='line_1_71' title="bbox 229 3046 2054 3102; baseline -0.003 -7"><span class='ocrx_word' id='word_1_402' title='bbox 229 3057 309 3096; x_wconf 85' lang='lat' dir='ltr'>tuit</span> <span class='ocrx_word' id='word_1_403' title='bbox 348 3055 597 3096; x_wconf 83' lang='lat' dir='ltr'>dominus.»</span> <span class='ocrx_word' id='word_1_404' title='bbox 653 3057 914 3099; x_wconf 89' lang='lat' dir='ltr'>Subiectum</span> <span class='ocrx_word' id='word_1_405' title='bbox 954 3060 1107 3099; x_wconf 86' lang='lat' dir='ltr'>contra</span> <span class='ocrx_word' id='word_1_406' title='bbox 1136 3046 1140 3083; x_wconf 80' lang='lat' dir='ltr'>l</span> <span class='ocrx_word' id='word_1_407' title='bbox 1171 3060 1323 3098; x_wconf 88' lang='lat' dir='ltr'>tamen</span> <span class='ocrx_word' id='word_1_408' title='bbox 1355 3057 1444 3097; x_wconf 90' lang='lat' dir='ltr'>Cic.</span> <span class='ocrx_word' id='word_1_409' title='bbox 1471 3055 1526 3096; x_wconf 88' lang='lat' dir='ltr'>de</span> <span class='ocrx_word' id='word_1_410' title='bbox 1557 3055 1678 3095; x_wconf 88' lang='lat' dir='ltr'>Finn.</span> <span class='ocrx_word' id='word_1_411' title='bbox 1703 3054 1748 3102; x_wconf 91' lang='lat'>3,</span> <span class='ocrx_word' id='word_1_412' title='bbox 1782 3054 1829 3101; x_wconf 69' lang='lat'>⁶3,</span> <span class='ocrx_word' id='word_1_413' title='bbox 1863 3053 1911 3092; x_wconf 88' lang='lat'>9:</span> <span class='ocrx_word' id='word_1_414' title='bbox 1945 3063 2054 3091; x_wconf 87' lang='lat' dir='ltr'>com-</span> 
     </span>
     <span class='ocr_line' id='line_1_72' title="bbox 229 3084 2054 3179; baseline -0.003 -20"><span class='ocrx_word' id='word_1_415' title='bbox 229 3130 361 3160; x_wconf 88' lang='lat' dir='ltr'>usum</span> <span class='ocrx_word' id='word_1_416' title='bbox 406 3117 655 3169; x_wconf 81' lang='lat' dir='ltr'>linguarum</span> <span class='ocrx_word' id='word_1_417' title='bbox 698 3122 1002 3162; x_wconf 89' lang='lat' dir='ltr'>recentiorum</span> <span class='ocrx_word' id='word_1_418' title='bbox 1051 3121 1108 3162; x_wconf 88' lang='lat' dir='ltr'>ad</span> <span class='ocrx_word' id='word_1_419' title='bbox 1136 3084 1139 3179; x_wconf 82' lang='lat' dir='ltr'>l</span> <span class='ocrx_word' id='word_1_420' title='bbox 1172 3121 1306 3161; x_wconf 85' lang='lat' dir='ltr'>bibere</span> <span class='ocrx_word' id='word_1_421' title='bbox 1326 3124 1451 3160; x_wconf 84' lang='lat' dir='ltr'>artes.</span> <span class='ocrx_word' id='word_1_422' title='bbox 1503 3118 1582 3159; x_wconf 91' lang='lat' dir='ltr'>Od.</span> <span class='ocrx_word' id='word_1_423' title='bbox 1606 3119 1653 3165; x_wconf 68' lang='lat'>2,</span> <span class='ocrx_word' id='word_1_424' title='bbox 1680 3117 1753 3166; x_wconf 64' lang='lat'>113,</span> <span class='ocrx_word' id='word_1_425' title='bbox 1777 3117 1821 3156; x_wconf 75' lang='lat'>34</span> <span class='ocrx_word' id='word_1_426' title='bbox 1846 3128 1854 3154; x_wconf 76' lang='grc' dir='ltr'>ε</span> <span class='ocrx_word' id='word_1_427' title='bbox 1886 3116 2054 3166; x_wconf 67' lang='grc' dir='ltr'><em>Ραρηαε</em></span> 
     </span>
     <span class='ocr_line' id='line_1_73' title="bbox 226 3176 2054 3235; baseline -0.004 -12"><span class='ocrx_word' id='word_1_428' title='bbox 226 3182 451 3235; x_wconf 88' lang='lat' dir='ltr'>posterius</span> <span class='ocrx_word' id='word_1_429' title='bbox 480 3176 637 3220; x_wconf 82' lang='grc' dir='ltr'><em>κῶλον</em></span> <span class='ocrx_word' id='word_1_430' title='bbox 669 3181 874 3224; x_wconf 88' lang='lat' dir='ltr'>relatum.</span> <span class='ocrx_word' id='word_1_431' title='bbox 926 3184 990 3225; x_wconf 90' lang='lat' dir='ltr'>Cf.</span> <span class='ocrx_word' id='word_1_432' title='bbox 1024 3185 1103 3225; x_wconf 90' lang='lat' dir='ltr'>Od.</span> <span class='ocrx_word' id='word_1_433' title='bbox 1136 3185 1142 3227; x_wconf 71' lang='lat' dir='ltr'>l</span> <span class='ocrx_word' id='word_1_434' title='bbox 1171 3188 1209 3224; x_wconf 84' lang='lat' dir='ltr'>et</span> <span class='ocrx_word' id='word_1_435' title='bbox 1237 3187 1408 3224; x_wconf 57' lang='lat' dir='ltr'>exactos</span> <span class='ocrx_word' id='word_1_436' title='bbox 1437 3187 1639 3232; x_wconf 75' lang='lat' dir='ltr'>tyrannos</span> <span class='ocrx_word' id='word_1_437' title='bbox 1658 3181 1844 3220; x_wconf 82' lang='lat' dir='ltr'>Densum</span> <span class='ocrx_word' id='word_1_438' title='bbox 1872 3178 2054 3217; x_wconf 85' lang='lat' dir='ltr'>humeris</span> 
     </span>
     <span class='ocr_line' id='line_1_74' title="bbox 228 3230 2046 3304; baseline -0.004 -19"><span class='ocrx_word' id='word_1_439' title='bbox 228 3245 275 3294; x_wconf 88' lang='lat'>3,</span> <span class='ocrx_word' id='word_1_440' title='bbox 307 3243 383 3293; x_wconf 75' lang='lat'>24,</span> <span class='ocrx_word' id='word_1_441' title='bbox 417 3243 484 3283; x_wconf 73' lang='lat'>34.</span> <span class='ocrx_word' id='word_1_442' title='bbox 527 3265 575 3271; x_wconf 91' lang='lat'><em>-</em></span> <span class='ocrx_word' id='word_1_443' title='bbox 618 3245 832 3284; x_wconf 85' lang='lat' dir='ltr'>cervinam</span> <span class='ocrx_word' id='word_1_444' title='bbox 865 3246 1027 3298; x_wconf 79' lang='lat' dir='ltr'>pellem]</span> <span class='ocrx_word' id='word_1_445' title='bbox 1059 3248 1107 3286; x_wconf 92' lang='lat' dir='ltr'>In</span> <span class='ocrx_word' id='word_1_446' title='bbox 1135 3230 1140 3304; x_wconf 71' lang='grc' dir='ltr'><em>ξ</em></span> <span class='ocrx_word' id='word_1_447' title='bbox 1172 3246 1270 3286; x_wconf 86' lang='lat' dir='ltr'>bibit</span> <span class='ocrx_word' id='word_1_448' title='bbox 1299 3257 1405 3286; x_wconf 85' lang='lat' dir='ltr'>aure</span> <span class='ocrx_word' id='word_1_449' title='bbox 1432 3245 1592 3296; x_wconf 71' lang='lat' dir='ltr'>volqus.</span> <span class='ocrx_word' id='word_1_450' title='bbox 1644 3244 1748 3282; x_wconf 89' lang='lat' dir='ltr'>Stat.</span> <span class='ocrx_word' id='word_1_451' title='bbox 1782 3240 1883 3281; x_wconf 88' lang='lat' dir='ltr'>Silv.</span> <span class='ocrx_word' id='word_1_452' title='bbox 1917 3242 1963 3288; x_wconf 82' lang='lat'>5,</span> <span class='ocrx_word' id='word_1_453' title='bbox 1997 3240 2046 3285; x_wconf 63' lang='grc' dir='ltr'>Ξ,</span> 
     </span>
     <span class='ocr_line' id='line_1_75' title="bbox 227 3303 2046 3360; baseline -0.004 -13"><span class='ocrx_word' id='word_1_454' title='bbox 227 3305 392 3359; x_wconf 91' lang='lat' dir='ltr'>pellem</span> <span class='ocrx_word' id='word_1_455' title='bbox 422 3306 635 3346; x_wconf 87' lang='lat' dir='ltr'>stramine</span> <span class='ocrx_word' id='word_1_456' title='bbox 664 3304 733 3345; x_wconf 89' lang='lat' dir='ltr'>vel</span> <span class='ocrx_word' id='word_1_457' title='bbox 765 3318 922 3347; x_wconf 90' lang='lat' dir='ltr'>musco</span> <span class='ocrx_word' id='word_1_458' title='bbox 958 3308 1107 3360; x_wconf 89' lang='lat' dir='ltr'>reple-</span> <span class='ocrx_word' id='word_1_459' title='bbox 1134 3309 1139 3355; x_wconf 77' lang='lat' dir='ltr'>l</span> <span class='ocrx_word' id='word_1_460' title='bbox 1172 3309 1247 3349; x_wconf 85' lang='lat'>58:</span> <span class='ocrx_word' id='word_1_461' title='bbox 1280 3308 1380 3348; x_wconf 82' lang='lat' dir='ltr'>Bibe</span> <span class='ocrx_word' id='word_1_462' title='bbox 1399 3308 1507 3347; x_wconf 88' lang='lat' dir='ltr'>talia</span> <span class='ocrx_word' id='word_1_463' title='bbox 1529 3306 1677 3358; x_wconf 77' lang='lat' dir='ltr'>pronis</span> <span class='ocrx_word' id='word_1_464' title='bbox 1699 3304 1891 3344; x_wconf 77' lang='lat' dir='ltr'>Auribus.</span> <span class='ocrx_word' id='word_1_465' title='bbox 1943 3303 2046 3341; x_wconf 87' lang='lat' dir='ltr'>Sen.</span> 
     </span>
     <span class='ocr_line' id='line_1_76' title="bbox 228 3358 2051 3424; baseline -0.004 -14"><span class='ocrx_word' id='word_1_466' title='bbox 228 3372 320 3410; x_wconf 89' lang='lat' dir='ltr'>tam</span> <span class='ocrx_word' id='word_1_467' title='bbox 351 3370 395 3409; x_wconf 92' lang='lat' dir='ltr'>et</span> <span class='ocrx_word' id='word_1_468' title='bbox 424 3368 480 3408; x_wconf 89' lang='lat' dir='ltr'>ad</span> <span class='ocrx_word' id='word_1_469' title='bbox 508 3368 596 3407; x_wconf 72' lang='lat' dir='ltr'>vivi</span> <span class='ocrx_word' id='word_1_470' title='bbox 626 3368 745 3408; x_wconf 83' lang='lat' dir='ltr'>cervi</span> <span class='ocrx_word' id='word_1_471' title='bbox 772 3367 1106 3410; x_wconf 89' lang='lat' dir='ltr'>similitudinem</span> <span class='ocrx_word' id='word_1_472' title='bbox 1135 3358 1138 3396; x_wconf 64' lang='grc' dir='ltr'><strong>ἶ</strong></span> <span class='ocrx_word' id='word_1_473' title='bbox 1172 3372 1308 3424; x_wconf 87' lang='lat' dir='ltr'>Epist.</span> <span class='ocrx_word' id='word_1_474' title='bbox 1334 3371 1401 3420; x_wconf 87' lang='lat'>36,</span> <span class='ocrx_word' id='word_1_475' title='bbox 1427 3370 1474 3411; x_wconf 77' lang='lat'>4:</span> <span class='ocrx_word' id='word_1_476' title='bbox 1501 3369 1718 3421; x_wconf 79' lang='lat' dir='ltr'>perbibere</span> <span class='ocrx_word' id='word_1_477' title='bbox 1747 3365 1938 3406; x_wconf 86' lang='lat' dir='ltr'>liberalia</span> <span class='ocrx_word' id='word_1_478' title='bbox 1966 3367 2051 3403; x_wconf 85' lang='lat' dir='ltr'>stu-</span> 
     </span>
     <span class='ocr_line' id='line_1_77' title="bbox 229 3399 2046 3483; baseline -0.004 -12"><span class='ocrx_word' id='word_1_479' title='bbox 229 3430 506 3483; x_wconf 85' lang='lat' dir='ltr'>aliquatenus</span> <span class='ocrx_word' id='word_1_480' title='bbox 545 3430 749 3471; x_wconf 68' lang='lat' dir='ltr'>reficiam</span> <span class='ocrx_word' id='word_1_481' title='bbox 786 3431 875 3471; x_wconf 88' lang='lat' dir='ltr'>iam</span> <span class='ocrx_word' id='word_1_482' title='bbox 913 3430 1044 3471; x_wconf 90' lang='lat' dir='ltr'>catuli</span> <span class='ocrx_word' id='word_1_483' title='bbox 1082 3399 1139 3471; x_wconf 84' lang='lat' dir='ltr'>al</span> <span class='ocrx_word' id='word_1_484' title='bbox 1172 3435 1256 3474; x_wconf 84' lang='lat' dir='ltr'>dia.</span> <span class='ocrx_word' id='word_1_485' title='bbox 1308 3434 1443 3475; x_wconf 89' lang='lat' dir='ltr'>Tacit.</span> <span class='ocrx_word' id='word_1_486' title='bbox 1478 3431 1587 3473; x_wconf 88' lang='lat' dir='ltr'>Dial.</span> <span class='ocrx_word' id='word_1_487' title='bbox 1620 3431 1696 3471; x_wconf 72' lang='lat'>28:</span> <span class='ocrx_word' id='word_1_488' title='bbox 1744 3429 1787 3467; x_wconf 81' lang='lat' dir='ltr'>id</span> <span class='ocrx_word' id='word_1_489' title='bbox 1823 3425 2046 3476; x_wconf 87' lang='lat' dir='ltr'>(studium)</span> 
     </span>
     <span class='ocr_line' id='line_1_78' title="bbox 230 3491 2049 3546; baseline -0.003 -13"><span class='ocrx_word' id='word_1_490' title='bbox 230 3495 448 3546; x_wconf 81' lang='lat' dir='ltr'>magistris</span> <span class='ocrx_word' id='word_1_491' title='bbox 485 3493 796 3534; x_wconf 87' lang='lat' dir='ltr'>incitabantur.</span> <span class='ocrx_word' id='word_1_492' title='bbox 835 3517 877 3522; x_wconf 86' lang='lat'>--</span> <span class='ocrx_word' id='word_1_493' title='bbox 921 3495 1107 3545; x_wconf 83' lang='lat' dir='ltr'>latravit]</span> <span class='ocrx_word' id='word_1_494' title='bbox 1172 3497 1410 3537; x_wconf 83' lang='lat' dir='ltr'>universum</span> <span class='ocrx_word' id='word_1_495' title='bbox 1449 3494 1651 3534; x_wconf 79' lang='lat' dir='ltr'>hauriret.</span> <span class='ocrx_word' id='word_1_496' title='bbox 1712 3491 1792 3530; x_wconf 83' lang='lat' dir='ltr'>Vix</span> <span class='ocrx_word' id='word_1_497' title='bbox 1831 3500 1942 3541; x_wconf 88' lang='lat' dir='ltr'>opus</span> <span class='ocrx_word' id='word_1_498' title='bbox 1983 3491 2049 3529; x_wconf 87' lang='lat' dir='ltr'>est</span> 
     </span>
    </p>
   </div>
   <div class='ocr_carea' id='block_1_17' title="bbox 1135 2922 1140 3043">
    <p class='ocr_par' dir='ltr' id='par_1_18' title="bbox 1135 2922 1140 3043">
     <span class='ocr_line' id='line_1_79' title="bbox 1135 2922 1140 3043; baseline 0 744"><span class='ocrx_word' id='word_1_499' title='bbox 1135 2922 1140 3043; x_wconf 95' lang='lat' dir='ltr'> </span> 
     </span>
    </p>
   </div>
  </div>
 </body>
</html>
