2231 3787
229 303 330 355 502⁶.)

831 305 1044 346 HORATII
1075 306 1440 349 EPISTOLARUM

301 434 577 505 Quidquid
617 443 731 489 erat
767 444 954 490 nactus
993 436 1228 507 praedae
1268 436 1512 498 maioriS,
1553 435 1645 489 ubi
1686 453 1844 490 omne

300 538 542 591 Verterat
579 537 631 589 in
670 537 873 590 fumum
910 546 962 591 et
1000 537 1264 598 cinerem,
1305 538 1420 590 Non
1458 536 1679 591 hercule
1716 538 1906 600 miror,

297 639 510 698 Aiebat,
554 640 597 692 si
637 639 729 710 qui
769 638 1058 693 comedunt
1094 637 1265 700 bona,
1288 655 1432 692 cum
1471 638 1538 692 sit
1575 637 1744 693 obeso

1980 638 2049 690 40

296 739 378 792 Nil
417 740 606 794 melius
645 740 829 799 turdo,
872 738 943 791 nil
981 738 1138 793 volva
1176 738 1454 810 pulchrius
1494 739 1686 811 ampla.

335 874 401 916 38.
437 862 666 927 Quidquid]
712 874 757 914 si
787 875 886 924 quid
915 885 938 914 e
972 872 1110 915 codd.
1146 871 1247 925 aliq.
1281 873 1497 913 Torrentii
1526 872 1763 913 Bentleius.
1805 874 1869 925 (Ut
1896 885 1990 923 nos,

281 948 436 977 omnes
467 937 603 977 nostri
634 938 677 976 et
705 936 930 986 Pottierii.)
974 959 1017 965 —
1056 939 1234 976 nanctus
1269 935 1315 975 E.
1361 958 1405 963 —
1440 934 1507 975 39.
1548 935 1727 975 Verteret
1755 935 1802 974 E.
1849 957 1893 963 —-
1926 934 1992 976 44.

278 999 400 1038 volt-a
431 999 527 1049 (hac
557 1000 790 1050 scriptura)
823 1000 870 1039 E.

226 1108 385 1147 acriter
416 1107 563 1146 invehi
593 1107 789 1147 solitus.»
831 1107 976 1147 Animi
1006 1110 1107 1148 tan-

226 1174 317 1209 tum
340 1179 472 1209 causa
495 1169 810 1209 memorandae
834 1171 935 1210 sunt
956 1168 1107 1210 lectio-

226 1243 305 1271 nes
327 1231 577 1271 Hochederi
606 1230 906 1283 aliorumque:
939 1233 1107 1273 Diceret

224 1295 402 1334 urendos
420 1297 642 1333 correctus.
680 1294 840 1334 Bestius
858 1294 966 1334 idem
988 1297 1072 1334 cet.
1093 1308 1100 1343 3

225 1356 345 1408 quod
366 1355 605 1407 explicant:
637 1356 929 1397 «emendatus
949 1358 1105 1396 vitam-

225 1430 311 1469 que
349 1417 467 1458 illam
495 1419 692 1470 priorem
729 1419 824 1470 ipse
870 1418 1100 1460 damnans.

223 1481 347 1521 Idem
382 1481 514 1520 homo
545 1481 679 1521 Bestii
709 1479 861 1521 similis
894 1483 1026 1529 cet.;»
1060 1484 1104 1521 et

225 1543 358 1582 Feae:
382 1543 548 1582 Diceret
566 1543 745 1582 urendos
760 1547 989 1592 correptus,
1021 1544 1103 1584 Be-

223 1606 324 1644 stius
356 1606 486 1653 idem,
526 1604 570 1644 id
601 1607 692 1654 est,
727 1606 1100 1657 «reprehensus»

224 1669 382 1708 Cetera
414 1670 462 1707 ut
491 1667 796 1708 Hochederus.

277 1729 438 1771 38-44.
481 1731 690 1781 Quidquid
719 1731 821 1782 cet.]
856 1731 1101 1771 Construe:

225 1793 335 1835 «Ubi
376 1793 663 1844 abligurierat
705 1805 850 1843 omne,
903 1793 1104 1844 quidquid

223 1861 315 1896 erat
343 1861 520 1896 nactus»
554 1859 638 1897 cet.
691 1857 796 1907 (Cic.
827 1856 882 1896 de
911 1855 1034 1895 Offic.
1059 1855 1098 1903 3,

227 1918 301 1967 43,
332 1919 410 1958 57:
457 1930 586 1968 neque
629 1919 738 1958 enim
778 1919 822 1957 id
864 1921 922 1957 est
949 1918 1100 1967 celare,

224 1981 425 2030 quidquid
461 1982 657 2030 reticeas,
703 1981 745 2019 id
781 1983 871 2030 est,
920 1979 1101 2020 «celare

224 2053 312 2082 non
334 2044 422 2091 est,
453 2044 489 2083 si
510 2043 614 2094 quid
636 2044 840 2091 reticeas,
866 2041 1103 2094 qualecun-

224 2116 310 2155 que
332 2107 442 2145 est.»
466 2106 635 2156 ZL’MPT.)
658 2106 898 2156 Propterea
919 2103 1103 2145 Bentleii

224 2168 269 2206 Si
308 2169 408 2217 quid
437 2167 492 2206 ab
524 2168 575 2207 iis
610 2168 860 2219 profectum
890 2169 979 2216 est,
1027 2168 1103 2218 qui

223 2230 601 2270 constructionem
631 2230 847 2269 rariorem
879 2228 1101 2281 explicare

223 2292 293 2331 vel
316 2293 451 2331 etiam
473 2292 697 2342 corrigere
720 2293 1001 2331 conarentur.
1036 2293 1103 2331 In-

224 2355 332 2393 iuria
364 2356 515 2393 tamen
536 2355 751 2393 Torrentii
774 2354 962 2394 Codices
993 2365 1102 2405 sup—

222 2418 388 2467 positos
411 2419 539 2455 vocat
557 2417 656 2456 Fea.
680 2440 724 2444 —
743 2417 904 2468 nactus]
929 2417 1104 2456 «Scien-

223 2479 330 2518 dum
354 2480 419 2518 est
441 2500 462 2506 -
478 2500 500 2506 —
516 2482 662 2517 nactus
683 2480 726 2518 et
741 2490 890 2528 passus
910 2478 1102 2518 litteram

223 2554 249 2580 n
278 2541 454 2592 penitus
485 2552 705 2592 nusquam
727 2542 971 2592 recipere.»
1004 2542 1104 2580 Sen—

222 2614 313 2642 νει-5
343 2602 400 2642 ad
429 2605 538 2642 Aen.
565 2604 580 2642 4
605 2635 612 2650 ,
643 2603 736 2643 481.
785 2604 872 2643 Cfr.
907 2604 1103 2653 Wagner

224 2665 425 2715 Orthogr.
458 2664 617 2716 Vergil.
644 2677 685 2717 p.
710 2665 804 2705 459.
829 2689 872 2694 —
901 2665 1100 2717 Verterat]

225 2730 463 2777 «tanquam
492 2727 699 2767 immanis
730 2727 886 2778 aliquis
907 2726 1102 2784 πολιορ-

224 2785 398 2841 κητής,
438 2790 512 2840 qui
541 2789 677 2830 urbes
709 2790 911 2830 incendio
940 2791 1097 2838 xastat,

224 2852 292 2890 cui
323 2852 522 2901 imagini,
557 2852 761 2902 quamvis
789 2857 948 2892 vertere
967 2853 1010 2891 in
1037 2852 1103 2902 fu-

222 2924 336 2951 mum
376 2917 413 2951 et
441 2914 620 2952 cinerem
651 2914 783 2953 etiam
815 2915 856 2953 in
889 2915 1101 2954 decocto-

224 2985 320 3014 rem
352 2976 527 3025 proprie
560 2976 713 3023 cadat,
748 2976 922 3015 videtur
949 2976 1098 3016 favere

223 3049 264 3076 v.
281 3037 510 3086 praedae.»
533 3039 795 3077 RAccmzssr.
819 3061 863 3068 —
885 3040 1102 3078 comedunt

223 3099 343 3147 bona]
377 3098 592 3138 Camedere
621 3099 728 3138 bona
750 3100 883 3140 etiam
906 3101 993 3140 Cic.
1018 3111 1098 3152 pro

224 3160 364 3200 Sestio
385 3161 459 3207 5⁴,
492 3161 584 3199 440.
617 3160 674 3199 ad
695 3162 813 3201 Fam.
840 3163 913 3209 44,
948 3162 1024 3210 24,
1058 3163 1096 3201 2.

224 3220 379 3262 Catull.
404 3222 478 3269 29,
513 3223 556 3261 24
579 3234 586 3260 ;
635 3223 734 3271 quid
760 3223 825 3262 hic
849 3227 982 3272 potest
1010 3225 1102 3263 Nisi

222 3288 349 3324 uncta,
378 3285 579 3324 devorare
602 3285 875 3334 patrimonia.
919 3286 1101 3326 Menan-

224 3346 305 3385 der
324 3358 367 3398 p.
394 3346 485 3386 423.
506 3347 585 3386 M.:
618 3344 750 3396 εἴτις
771 3344 994 3404 πατρῴαν
1016 3361 1100 3387 πα-

222 3404 446 3464 ραλαβών
490 3406 588 3462 Γῆν
615 3406 904 3462 καταφάγοι.
956 3411 1101 3451 Come-

224 3470 322 3509 dwm
363 3470 470 3510 bona
503 3483 581 3512 sua
609 3476 910 3512 consumentem
939 3474 1102 3523 antiqui

223 3532 434 3587 dicerunt.
469 3535 635 3575 Fsssws.
670 3558 713 3563 —
747 3534 883 3587 turdo]
914 3534 1095 3576 Martial.

1170 1106 1244 1155 43,
1279 1106 1354 1145 92:
1400 1106 1512 1145 Inter
1549 1116 1646 1146 aves
1674 1107 1841 1156 turdus,
1886 1107 1922 1146 si
1951 1108 2051 1158 quid

1167 1179 1232 1208 me
1259 1168 1394 1206 iudice
1422 1171 1572 1217 certet,
1616 1169 1729 1208 Inter
1763 1169 2052 1220 quadrupedes

1166 1234 1324 1270 mattea
1337 1230 1483 1280 prima
1503 1230 1630 1281 lepus.
1659 1253 1703 1259 —
1735 1231 1874 1283 volva]
1906 1230 2046 1281 suilla,

1169 1304 1257 1344 quo
1304 1291 1471 1333 ferculo
1515 1293 1648 1332 variis
1692 1291 1830 1333 rebus
1872 1293 2049 1333 condito

1168 1356 1331 1395 mirum
1385 1355 1428 1394 in
1477 1354 1661 1395 modum
1711 1353 2051 1395 delectabantur

1167 1418 1347 1468 antiqui.
1380 1417 1695 1457 Archestratus
1726 1412 1754 1456 ὁ
1777 1412 2050 1469 ὀψοδαίδα-

1166 1478 1251 1530 λος
1280 1479 1400 1531 apud
1419 1480 1698 1519 Athenaeum
1722 1480 1761 1530 3,
1785 1481 1862 1520 59:
1888 1474 2051 1533 'Epant—

1166 1553 1298 1581 νοντι
1327 1539 1378 1581 δέ
1407 1553 1488 1581 σοι
1512 1542 1695 1598 φερέτω
1726 1539 1914 1582 τοιόνδε
1943 1539 2050 1600 τρά-

1167 1618 1316 1658 γημα,
1338 1605 1559 1663 Γαστέοα
1577 1606 1658 1644 καὶ
1659 1603 1870 1678 μήτραν
1889 1602 2050 1659 ἑφθὴν

1167 1662 1274 1718 ὑός,
1306 1662 1359 1707 ἕν
1387 1680 1438 1707 τε
1466 1669 1650 1721 κυμίνῳ
1659 1663 1744 1707 ³'Ev
1772 1663 1809 1707 τ’
1833 1663 1935 1720 ὄξει
1954 1667 2010 1726 ὄρ
2012 1682 2049 1709 ι-

1165 1733 1251 1783 ,aaz
1266 1731 1349 1771 καὶ
1370 1729 1548 1784 σιλφίῳ
1569 1728 1684 1783 ἐμβα
1672 1728 1906 1779 βαῶσαν.
1936 1730 2043 1771 Plin.

1166 1794 1217 1833 H.
1241 1796 1289 1833 N.
1317 1795 1383 1843 44,
1408 1793 1474 1842 37,
1498 1792 1572 1834 84:
1612 1794 1737 1833 volva
1767 1794 1892 1833 eiecto
1913 1797 2047 1843 partu

1166 1856 1313 1895 melior
1343 1867 1470 1904 quam
1502 1856 1607 1894 edito
1623 1866 1637 1903 ,·
1669 1855 1854 1895 eiecticia
1870 1859 2049 1895 vocatur

1165 1919 1262 1967 illa,
1294 1919 1394 1958 haec
1419 1919 1626 1968 porcaria
1641 1929 1655 1966 ,·
1680 1918 1947 1968 primiparae
1965 1920 2050 1958 suis

1167 1981 1346 2030 optima,
1370 1984 1518 2019 contra
1538 1981 1705 2031 effoetis.
1741 1980 1827 2021 Cfr.
1853 1981 2047 2032 Bottiger

1165 2042 1220 2082 kl.
1245 2042 1452 2093 Schriften
1472 2043 1542 2081 III.
1565 2053 1609 2093 p.
1634 2041 1728 2082 224.

1222 2103 1368 2144 402-46.
1400 2104 1612 2144 Nimirum
1633 2106 1739 2155 cet.]
1770 2103 1907 2146 «Talis
1927 2105 2051 2146 vide-

1166 2166 1269 2206 licet
1289 2177 1370 2217 ego
1391 2177 1570 2217 quoque
1592 2177 1708 2216 sum,
1732 2169 1776 2207 et
1797 2168 1894 2218 quis
1910 2168 2047 2208 non‘h

1168 2229 1278 2268 Satis
1322 2228 1477 2268 festive
1523 2229 1617 2280 ipse
1673 2229 1716 2268 in
1759 2239 1808 2269 se
1854 2230 2044 2280 iocatur,

1168 2291 1294 2340 quasi
1324 2291 1643 2330 inconstantiae
1676 2301 1724 2330 se
1745 2291 1970 2332 incusans.
1997 2312 2043 2320 -

1166 2352 1243 2404 hic]
1268 2352 1330 2392 Cs.
1354 2353 1462 2404 Epp.
1489 2353 1527 2402 4,
1553 2353 1592 2403 6,
1615 2352 1682 2393 40.
1714 2376 1759 2382 —
1780 2353 1982 2406 parvula]
2003 2354 2046 2394 in

1167 2414 1375 2455 omnibus
1418 2414 1547 2455 bonis
1587 2416 1795 2455 externis.
1841 2418 1904 2456 De
1936 2415 2047 2457 cibis

1166 2475 1275 2517 falso
1313 2476 1544 2518 nonnullos
1585 2479 1897 2529 interpretatos
1926 2489 2044 2527 esse,

1167 2541 1272 2580 satis
1294 2540 1570 2580 demonstrat
1587 2539 1865 2592 praecedens
1876 2552 1918 2580 v,
1937 2545 2042 2580 tuta.

1170 2623 1214 2629 —
1247 2602 1379 2654 fortis]
1421 2603 1601 2642 «omnia
1637 2601 1761 2642 facile
1792 2602 2042 2653 tolerans‚»

1166 2667 1214 2705 ut
1243 2666 1388 2705 Stoici.
1427 2686 1470 2692 —
1505 2665 1682 2716 unctius]
1717 2664 1952 2714 «lautius,»
1998 2668 2046 2705 ut

1164 2729 1274 2779 Epp.
1301 2728 1348 2775 4,
1375 2726 1448 2775 44,
1472 2727 1539 2766 24.
1575 2728 1612 2775 4,
1639 2728 1704 2775 47,
1730 2727 1794 2766 42.
1829 2749 1868 2755 —
1904 2727 2046 2766 nitidis

1166 2790 1268 2841 cet.]
1303 2804 1320 2823 «
1339 2799 1529 2839 quorum
1559 2799 1612 2828 ex
1643 2787 1752 2828 villis
1782 2787 2040 2840 splendidis,

1165 2861 1390 2891 marmore
1422 2850 1737 2899 candentibus,
1781 2854 1914 2902 atque
1946 2862 2043 2892 ma-

1165 2913 1332 2964 gnificis
1357 2915 1475 2961 (non,
1499 2915 1546 2952 ut
1567 2911 1634 2952 alii
1658 2912 1894 2964 explicant:
1919 2915 2042 2966 «opi-

1164 2975 1271 3024 mis,
1301 2974 1577 3025 fructuosis»)
1611 2976 1759 3016 statim
1781 2975 2039 3026 colligimus,

1163 3048 1246 3077 vos
1276 3037 1434 3077 divites
1466 3048 1564 3077 esse
1596 3040 1640 3077 et
1669 3039 1850 3089 insuper
1871 3039 2042 3078 vestras

1165 3100 1362 3140 fortunas
1406 3100 1449 3139 in
1492 3098 1652 3140 iisdem
1688 3099 1800 3140 villis
1835 3099 1952 3140 bene
1990 3111 2043 3140 ac

1164 3163 1257 3201 tuto
1279 3161 1515 3202 collocatas
1537 3173 1659 3209 esse,
1692 3161 1848 3202 melius
1870 3163 2038 3213 utique,

1165 3235 1301 3275 quam
1330 3225 1366 3265 si
1397 3225 1439 3263 in
1470 3223 1622 3264 fenore
1653 3225 1822 3275 positae
1844 3225 2039 3264 essent.»

1163 3286 1232 3326 Sic
1255 3287 1345 3326 Cic.
1370 3297 1451 3337 pro
1475 3286 1521 3326 C.
1544 3285 1652 3326 Rab.
1678 3287 1793 3326 Post.
1817 3286 1856 3333 4,
1886 3286 1922 3324 4.
1954 3285 2042 3335 for-

1163 3353 1288 3388 tunae
1328 3348 1578 3398 fundatas
1616 3347 1867 3398 praesertim
1913 3351 2038 3397 atque

1163 3411 1312 3461 optime
1339 3411 1581 3450 constitutas
1601 3420 1695 3459 opes
1714 3408 1832 3448 dixit.
1866 3409 2039 3449 Schmi-

1165 3472 1263 3513 dius
1295 3471 1534 3512 arbitratur
1560 3472 1715 3512 nitidas
1733 3469 1855 3512 villas
1875 3472 2037 3523 opponi

1162 3535 1341 3581 rusticis.
1361 3535 1485 3575 cuius
1503 3534 1676 3585 generis
1693 3533 1926 3574 Horatiana
1943 3532 2034 3579 suit,
