2231 3787
867 265 964 303 LlB.
999 264 1047 302 ll.
1108 264 1218 302 sAT.
1255 264 1338 301 Vll.

280 397 368 451 vel
411 414 530 450 cuin
572 395 827 449 Pausiaca
867 402 1071 464 torpes,
1115 393 1319 451 insane,
1361 391 1574 445 tabella.

1912 258 2014 309 343

1947 392 2014 442 95

277 499 379 562 Qui
420 514 615 567 peccas
654 497 830 548 minus
869 503 1029 565 atque
1069 511 1195 564 egO,
1237 511 1358 546 cum
1399 492 1544 545 Fulvi
1575 492 1924 563 Rutubaeque

274 602 375 652 Aut
412 598 717 652 Pacideiani
757 605 1005 651 contento
1045 594 1244 666 poplite
1284 595 1447 647 miror

277 699 485 753 Proelia
525 699 739 753 rubrica
778 699 917 769 picta
957 706 1046 750 aut
1086 695 1348 757 carbone,
1389 694 1532 748 velut
1571 696 1613 748 si

277 804 349 855 Rc
388 818 515 854 vera
555 810 814 872 pugnent,
858 799 1043 853 feriant
1081 799 1353 868 vitentque
1392 805 1669 850 moventes

275 905 433 956 Arma
471 902 605 954 viri?
642 904 884 972 Nequam
925 910 976 954 et
1014 908 1254 954 cessator
1291 901 1499 961 Davus;
1540 907 1591 950 at
1630 898 1744 968 ipse

1917 897 1936 949 ll
1950 898 2016 948 00

278 1004 496 1057 Subtilis
535 1013 778 1058 veterum
818 1002 978 1056 iudex
1016 1011 1067 1055 et
1105 1000 1328 1055 callidus
1367 1000 1537 1053 audis.

275 1106 351 1157 Nil
394 1124 520 1177 ego,
564 1106 606 1157 si
647 1105 816 1158 ducor
852 1103 959 1156 libo
999 1104 1258 1155 fumante:
1301 1101 1392 1154 tibi
1435 1101 1618 1170 ingens

313 1248 377 1286 97.
401 1248 639 1287 Pacideiani
661 1246 866 1286 Orellius:
902 1246 1154 1284 Placideiani
1176 1244 1315 1292 bc,Lt,
1341 1242 1575 1291 Bentleius,
1602 1243 1657 1290 M,
1681 1243 1958 1288 PaciclianiC,

262 1311 495 1349 Flac-idiunt
526 1311 682 1361 SEp,F.
709 1331 754 1338 —-
782 1309 873 1348 400.
898 1310 1004 1347 daus
1035 1309 1080 1347 E.
1112 1329 1153 1334 —
1182 1307 1271 1345 402,
1297 1307 1442 1344 ductor
1473 1304 1580 1345 Cod.
1608 1306 1790 1355 Franeq.
1826 1305 1953 1344 Bosii.

203 1439 389 1482 rantem,
429 1436 629 1475 clamores
658 1434 862 1474 tollentem
889 1444 983 1472 cum
1011 1433 1077 1471 ri-
1106 1432 1110 1446 ¹

202 1497 296 1543 deo,
365 1508 530 1536 servum
592 1502 628 1536 te
685 1507 766 1536 esse
822 1496 1076 1545 inepliaiwn

201 1560 385 1598 oniniwn
415 1560 563 1599 iudico.
601 1582 644 1587 —
668 1560 804 1598 minus
833 1563 957 1606 atque
986 1560 1077 1609 eqo]

202 1621 288 1660 Csr.
326 1620 452 1660 Hand
488 1622 612 1661 Turs.
656 1622 686 1661 1.
720 1632 762 1672 p.
801 1619 894 1661 472.
927 1621 996 1659 111.
1029 1631 1074 1671 p.

202 1684 294 1723 617.
328 1686 413 1723 Sat.
441 1686 484 1732 sl,
519 1684 563 1732 6,
600 1683 691 1723 1130.
725 1705 768 1712 -
803 1683 921 1723 Fulvi
951 1684 1078 1722 Ratu-

1140 1430 1343 1469 diversus
1375 1428 1507 1469 fuisse
1529 1428 1704 1468 videtur
1733 1429 1930 1468 Laenatis
1951 1426 2018 1467 ille

1139 1492 1418 1543 gladiatorias
1452 1492 1573 1531 ludus
1609 1490 1726 1542 apud
1764 1492 2019 1530 Petronium

1140 1554 1205 1593 ΞΟ.
1232 1552 1337 1594 Plin.
1363 1554 1412 1593 H.
1437 1555 1485 1593 N.
1511 1554 1585 1602 35,
1611 1553 1684 1592 33:
1719 1553 1906 1593 Libertus
1934 1554 2020 1593 eius

1142 1616 1353 1667 (Neronis)
1376 1627 1472 1656 cam
1492 1617 1612 1656 daret
1631 1616 1742 1655 Antii
1764 1627 1912 1655 mimus
1929 1616 2021 1667 yla-

1140 1679 1389 1727 diatorium,
1410 1678 1600 1728 publicas
1616 1679 1803 1728 porticus
1819 1679 2021 1718 investivit

201 1746 367 1797 baeque]
398 1747 580 1785 Nomina
615 1745 929 1796 gladiatorun1;
961 1745 1079 1785 Paci·
1134 1743 1329 1792 pictura,
1361 1745 1407 1780 ul
1427 1745 1608 1790 constat,
1631 1742 1915 1792 gladialoram
1935 1742 2019 1781 mi-

201 1809 372 1847 ‹leianas
413 1808 495 1857 (sic
537 1809 654 1848 enim
695 1808 834 1848 Codcl.
868 1806 1076 1847 meliores

201 1871 318 1922 apud
371 1872 459 1910 Cic.
511 1872 606 1922 Opt.
656 1882 754 1921 gen.
798 1882 861 1910 or.
903 1871 952 1915 6,
1007 1871 1072 1909 47.

200 1934 326 1973 Tusc.
351 1933 398 1982 4,
431 1934 505 1982 ⁴21¹,
539 1933 604 1973 48.
657 1934 733 1984 Ep.
765 1933 822 1973 ad
852 1933 901 1981 Q.
933 1933 998 1972 Fr.
1024 1931 1074 1980 3,

202 1994 248 2043 4,
282 1996 336 2045 3.)
370 1997 455 2035 iam
487 2007 509 2035 a
534 1995 694 2035 Lucilio
725 1994 1073 2036 memorabatur.

201 2057 372 2097 Etenim
403 2056 657 2098 credibilius
689 2060 757 2098 est
786 2058 871 2098 hoc
897 2069 1075 2108 quoque

201 2117 320 2167 loco,
362 2119 437 2158 ubi
478 2119 787 2171 qualecunque
824 2119 1076 2171 gladiatoris

205 2191 369 2220 nomen
398 2182 584 2232 proferri
616 2181 886 2231 sufficiebat,
935 2183 1076 2222 liora-

200 2243 308 2281 tium
339 2253 527 2293 persoua
559 2242 776 2283 Luciliana
804 2254 935 2284 usum
958 2255 1073 2293 esse,

200 2306 248 2343 ut
278 2304 444 2343 fecerat
484 2305 638 2344 Cicero
668 2304 710 2345 ll.
744 2304 785 2344 ll.
816 2308 949 2356 atque
981 2306 1074 2357 ipse

200 2366 242 2404 in
283 2366 452 2405 Maenio
494 2364 746 2416 aliquoties,
795 2377 929 2417 quam
966 2366 1077 2406 alte-

200 2438 300 2466 rum
322 2427 632 2468 Pacideianum
653 2429 889 2478 iuniorem,
923 2429 1074 2468 itidem

199 2488 512 2540 gladiatorem,
555 2492 657 2530 tunc
687 2491 860 2530 vixisse.
899 2512 942 2518 -—
975 2502 1076 2530 con-

199 2555 308 2591 tento
321 2552 698 2602 poplite-Proelia]
722 2551 919 2603 Explica:
957 2563 1077 2592 «cer-

200 2613 384 2660 tamina,
427 2624 541 2664 quae
573 2615 854 2653 committunt
883 2615 996 2654 inter
1025 2626 1074 2655 se

199 2673 462 2726 gladiatores
510 2677 580 2715 isti
628 2678 834 2716 contento
884 2675 1070 2728 poplite,

198 2737 396 2788 proiecto
427 2737 591 2789 pede3»
625 2749 740 2778 non:
787 2739 945 2778 «miror
972 2750 1074 2778 con-

198 2804 306 2839 tento
328 2801 528 2850 poplite.»
574 2823 618 2828 —
649 2801 799 2851 miror]
845 2800 1071 2842 «mirando

198 2864 374 2913 tempus
403 2862 567 2914 perdo,
600 2873 774 2903 cesso.»

254 2984 426 3025 98—404.
459 2985 631 3025 rubrica
655 2987 771 3037 picta
790 2988 893 3040 cet.]
916 2989 1073 3028 Huius-

201 3045 322 3085 modi
358 3047 555 3097 picturae
591 3049 725 3089 rudes
761 3052 894 3102 atque
935 3050 1071 3090 insor-

200 3118 297 3148 mes
333 3103 551 3158 (εὐτελεῖς
589 3112 787 3166 γραφαί.
844 3113 1066 3164 Aristoph.

199 3173 278 3209 Av.
302 3169 404 3209 805:
442 3169 526 3220 Εἰς
555 3165 791 3212 εὐτέλειαν
820 3174 932 3226 χηνὶ
952 3186 1069 3228 συγ-

199 3231 542 3287 γεγραμμένῳ.)
573 3233 630 3272 ad
667 3233 948 3275 alliciendum
987 3248 1070 3288 po-

197 3293 363 3346 pellum
410 3298 510 3335 ante
560 3294 686 3336 ludos
735 3297 1070 3348 exponebantur

199 3355 255 3396 ab
286 3358 361 3405 iis,
409 3358 484 3408 qui
522 3368 708 3398 munera
738 3358 953 3406 edebant,
998 3360 1068 3401 vel

200 3420 370 3459 tantum
400 3431 422 3459 a
461 3418 649 3467 lanistis;
697 3422 741 3460 et
783 3419 891 3460 tales
936 3422 1068 3462 etiam

200 3483 418 3534 Pompeiis
447 3486 650 3534 repertae
672 3485 792 3531 sunt,
827 3494 910 3524 nec
940 3483 1067 3525 valde

1141 1805 1447 1852 nistrorwnqae
1475 1805 1660 1843 omnium
1687 1805 1797 1843 veris
1825 1805 2020 1855 imaqini-

1140 1867 1213 1905 bas
1233 1867 1415 1905 redditi&
1440 1889 1462 1894 —
1477 1888 1500 1894 —
1514 1866 1633 1917 Pingyi
1651 1865 1911 1917 9ἰαάὶαιονιά
1930 1877 2020 1905 ηια-

1140 1941 1244 1969 nera
1273 1933 1397 1977 atque
1425 1929 1469 1968 in
1493 1928 1658 1978 publico
1688 1929 1841 1978 erponi
1874 1933 2019 1978 coepta

1139 2003 1166 2030 a
1187 1992 1230 2032 C.
1259 1992 1288 2030 Τ
1287 1992 1442 2030 erentio
1471 1992 1654 2031 Lucano.
1714 1992 1754 2030 Is
1773 2003 1852 2031 avo
1872 2002 1945 2031 suo
1964 2013 1982 2020 -
2001 2013 2019 2020 -

1139 2054 1313 2104 triginta
1348 2054 1481 2103 paria
1518 2054 1561 2093 in
1592 2054 1698 2093 Foro
1721 2065 1804 2103 per
1832 2054 2019 2093 triduum

1140 2117 1248 2155 dedit
1277 2115 1543 2165 tabulamque
1581 2116 1742 2165 pictam
1781 2117 1824 2155 in
1852 2127 2019 2156 nemore

1138 2179 1305 2218 Dianae
1327 2179 1482 2228 posuit.
1543 2178 1653 2218 Satis
1684 2177 1866 2218 ridicule
1887 2190 2017 2220 suam

1138 2235 1416 2298 ἀβελτερίαν
1436 2240 1582 2292 prodit
1601 2242 1748 2281 Davus
1768 2241 1890 2292 prius
1911 2240 2017 2281 illud

1140 2315 1278 2354 genus
1323 2303 1562 2343 admirans.
1600 2326 1644 2331 —
1677 2303 1872 2354 cessator]
1915 2304 2016 2354 «qui

1140 2377 1226 2405 non
1247 2366 1395 2405 statim
1415 2367 1601 2416 apparet
1622 2364 1800 2404 domino
1820 2366 2011 2413 vocanti,

1139 2426 1208 2466 vel
1240 2426 1384 2477 aliquo
1417 2427 1578 2466 missus
1610 2437 1711 2466 sero
1742 2427 1925 2466 domum
1947 2438 2017 2466 re-

1139 2488 1243 2528 dit.»
1294 2488 1380 2528 Cfr.
1407 2489 1516 2540 Epp.
1540 2489 1588 2538 ⁶2,
1612 2489 1661 2537 2,
1688 2487 1764 2528 44:
1799 2488 1933 2527 Semel
1950 2488 2015 2527 hic

1137 2551 1309 2590 cessa-vil
1351 2554 1411 2599 et,
1457 2553 1502 2589 ut
1537 2551 1610 2601 fil,
1655 2551 1703 2589 In
1742 2549 1865 2588 scalis
1893 2550 2015 2589 latuit

1136 2617 1318 2652 metuens
1371 2612 1589 2662 pendentis
1643 2612 1839 2651 habenae.
1931 2613 2012 2652 Dio

1137 2675 1366 2725 Chrysost.
1400 2675 1470 2714 Or.
1503 2674 1568 2714 66.
1601 2685 1644 2726 p.
1679 2673 1774 2714 354.
1798 2675 1869 2714 R.:
1919 2672 2013 2714 Τὸν

1137 2738 1326 2790 οἰκέτην
1350 2732 1382 2776 ἀ
1396 2737 1589 2789 νειμέν
1600 2749 1660 2777 ον
1681 2737 1764 2777 καὶ
1784 2738 2012 2788 παίζοντα

1136 2797 1163 2840 ὁ
1221 2796 1461 2852 δεσπότης
1517 2796 1784 2857 περιπεσών
1830 2798 2012 2841 κλαίειν

1134 2862 1347 2915 ἐποίησε.
1394 2884 1439 2890 -
1477 2861 1675 2913 veterum]
1709 2862 1863 2902 aetatis
1907 2862 2009 2902 inde

1134 2937 1159 2965 a
1189 2924 1355 2966 Pericle
1385 2935 1530 2976 usque
1552 2924 1607 2965 ad
1633 2924 1932 2965 Alexandrum
1952 2926 2006 2965 M.

1136 3010 1182 3017 —
1207 2987 1394 3039 callidus]
1425 2987 1803 3027 Kunslkenner.
1855 2987 1942 3026 Sat.
1967 2987 2007 3032 2.

1134 3050 1156 3090 3
1174 3082 1183 3100 ,
1214 3050 1290 3089 23:
1334 3049 1516 3090 Callidus
1543 3049 1636 3088 huic
1664 3049 1782 3100 signo
1804 3047 2011 3098 ponebam

1131 3113 1251 3152 milia
1279 3116 1455 3152 centum.
1494 3134 1538 3140 —
1561 3111 1633 3150 Nil
1660 3109 1748 3162 eqo]
1783 3106 1898 3164 «ἐγώ
1922 3103 2006 3150 οὖ-

1132 3173 1210 3215 δε’ν
1249 3175 1367 3226 εἰμι,
1416 3183 1610 3224 nequam
1647 3171 1822 3212 audio.»
1858 3194 1901 3200 —
1935 3171 2006 3211 tibi

1132 3239 1275 3288 inqens
1295 3236 1398 3285 cet.]
1432 3237 1637 3275 «tantane
1669 3236 1740 3273 tua
1763 3234 1831 3274 est
1850 3233 2003 3277 virtus,

1130 3302 1179 3338 ut
1218 3297 1407 3338 libenter
1442 3307 1595 3337 careas
1634 3296 1784 3336 coenis
1814 3293 2006 3345 opiparis

1133 3372 1299 3412 easque
1330 3360 1564 3400 devitesff’»
1613 3356 1692 3397 Alii
1722 3367 1808 3396 non
1836 3366 1918 3406 pro
1939 3355 2007 3393 in-

1132 3423 1429 3473 terrogatione
1458 3419 1646 3466 habent,
1680 3417 1759 3458 sed
1788 3428 1869 3468 pro
1890 3415 2006 3455 affir-

1132 3485 1324 3524 matione
1347 3484 1523 3523 ironica.
1583 3479 1691 3520 Illud
1714 3481 1861 3519 tamen
1883 3489 2006 3518 acer-
