<?xml version="1.0" encoding="UTF-8"?>
<!DOCTYPE html PUBLIC "-//W3C//DTD XHTML 1.0 Transitional//EN"
    "http://www.w3.org/TR/xhtml1/DTD/xhtml1-transitional.dtd">
<html xmlns="http://www.w3.org/1999/xhtml" xml:lang="en" lang="en">
 <head>
  <title>
</title>
<meta http-equiv="Content-Type" content="text/html;charset=utf-8" />
  <meta name='ocr-system' content='tesseract 3.04.00' />
  <meta name='ocr-capabilities' content='ocr_page ocr_carea ocr_par ocr_line ocrx_word'/>
</head>
<body>
  <div class='ocr_page' id='page_1' title='image "./qhoratiusflaccus02horauoft_0427.png"; bbox 0 0 2231 3787; ppageno 0'>
   <div class='ocr_carea' id='block_1_1' title="bbox 870 293 1028 332">
    <p class='ocr_par' dir='ltr' id='par_1_1' title="bbox 870 293 1028 332">
     <span class='ocr_line' id='line_1_1' title="bbox 870 293 1028 332; baseline 0.006 -2"><span class='ocrx_word' id='word_1_1' title='bbox 870 293 965 332; x_wconf 78' lang='grc' dir='ltr'>ΜΒ.</span> <span class='ocrx_word' id='word_1_2' title='bbox 1000 294 1028 332; x_wconf 91' lang='grc' dir='ltr'>Ι.</span> 
     </span>
    </p>
   </div>
   <div class='ocr_carea' id='block_1_2' title="bbox 1098 294 1341 334">
    <p class='ocr_par' dir='ltr' id='par_1_2' title="bbox 1098 294 1341 334">
     <span class='ocr_line' id='line_1_2' title="bbox 1098 294 1341 334; baseline 0.008 -2"><span class='ocrx_word' id='word_1_3' title='bbox 1098 294 1259 334; x_wconf 81' lang='lat' dir='ltr'><strong>EPIST.</strong></span> <span class='ocrx_word' id='word_1_4' title='bbox 1292 296 1341 334; x_wconf 89' lang='lat' dir='ltr'>Il.</span> 
     </span>
    </p>
   </div>
   <div class='ocr_carea' id='block_1_3' title="bbox 1916 296 2019 347">
    <p class='ocr_par' dir='ltr' id='par_1_3' title="bbox 1916 296 2019 347">
     <span class='ocr_line' id='line_1_3' title="bbox 1916 296 2019 347; baseline 0.039 -4"><span class='ocrx_word' id='word_1_5' title='bbox 1916 296 2019 347; x_wconf 78' lang='lat'>397</span> 
     </span>
    </p>
   </div>
   <div class='ocr_carea' id='block_1_4' title="bbox 269 421 1444 494">
    <p class='ocr_par' dir='ltr' id='par_1_4' title="bbox 269 421 1444 494">
     <span class='ocr_line' id='line_1_4' title="bbox 269 421 1444 494; baseline 0.003 -21"><span class='ocrx_word' id='word_1_6' title='bbox 269 421 453 474; x_wconf 88' lang='lat' dir='ltr'>lliacos</span> <span class='ocrx_word' id='word_1_7' title='bbox 496 422 629 474; x_wconf 87' lang='lat' dir='ltr'>intra</span> <span class='ocrx_word' id='word_1_8' title='bbox 670 439 852 476; x_wconf 86' lang='lat' dir='ltr'>muros</span> <span class='ocrx_word' id='word_1_9' title='bbox 891 431 1149 494; x_wconf 84' lang='lat' dir='ltr'>peccatur</span> <span class='ocrx_word' id='word_1_10' title='bbox 1189 432 1240 477; x_wconf 93' lang='lat' dir='ltr'>et</span> <span class='ocrx_word' id='word_1_11' title='bbox 1279 433 1444 478; x_wconf 85' lang='lat' dir='ltr'>extra.</span> 
     </span>
    </p>
   </div>
   <div class='ocr_carea' id='block_1_5' title="bbox 264 524 1664 598">
    <p class='ocr_par' dir='ltr' id='par_1_5' title="bbox 264 524 1664 598">
     <span class='ocr_line' id='line_1_5' title="bbox 264 524 1664 598; baseline 0.004 -23"><span class='ocrx_word' id='word_1_12' title='bbox 264 525 491 587; x_wconf 78' lang='lat' dir='ltr'>RurSUS,</span> <span class='ocrx_word' id='word_1_13' title='bbox 533 525 664 596; x_wconf 83' lang='lat' dir='ltr'>quid</span> <span class='ocrx_word' id='word_1_14' title='bbox 703 526 870 578; x_wconf 79' lang='lat' dir='ltr'>virtus</span> <span class='ocrx_word' id='word_1_15' title='bbox 910 534 962 577; x_wconf 92' lang='lat' dir='ltr'>et</span> <span class='ocrx_word' id='word_1_16' title='bbox 1000 524 1130 596; x_wconf 89' lang='lat' dir='ltr'>quid</span> <span class='ocrx_word' id='word_1_17' title='bbox 1171 526 1434 596; x_wconf 78' lang='lat' dir='ltr'>sapientia</span> <span class='ocrx_word' id='word_1_18' title='bbox 1474 527 1664 598; x_wconf 83' lang='lat' dir='ltr'><strong>possit,</strong></span> 
     </span>
    </p>
   </div>
   <div class='ocr_carea' id='block_1_6' title="bbox 261 625 1693 800">
    <p class='ocr_par' dir='ltr' id='par_1_6' title="bbox 261 625 1693 800">
     <span class='ocr_line' id='line_1_6' title="bbox 264 625 1472 698; baseline 0 -18"><span class='ocrx_word' id='word_1_19' title='bbox 264 625 396 680; x_wconf 81' lang='lat' dir='ltr'>Utile</span> <span class='ocrx_word' id='word_1_20' title='bbox 435 627 717 697; x_wconf 79' lang='lat' dir='ltr'>proposuit</span> <span class='ocrx_word' id='word_1_21' title='bbox 756 626 910 680; x_wconf 88' lang='lat' dir='ltr'>nobis</span> <span class='ocrx_word' id='word_1_22' title='bbox 950 626 1224 698; x_wconf 83' lang='lat' dir='ltr'>exemplar</span> <span class='ocrx_word' id='word_1_23' title='bbox 1262 627 1472 691; x_wconf 79' lang='lat' dir='ltr'>Ulixen,</span> 
     </span>
     <span class='ocr_line' id='line_1_7' title="bbox 261 727 1693 800; baseline 0.003 -21"><span class='ocrx_word' id='word_1_24' title='bbox 261 727 364 792; x_wconf 88' lang='lat' dir='ltr'>Qui</span> <span class='ocrx_word' id='word_1_25' title='bbox 404 727 636 781; x_wconf 87' lang='lat' dir='ltr'>domitor</span> <span class='ocrx_word' id='word_1_26' title='bbox 675 729 862 782; x_wconf 79' lang='lat' dir='ltr'>Troiae</span> <span class='ocrx_word' id='word_1_27' title='bbox 903 728 1190 782; x_wconf 86' lang='lat' dir='ltr'>multorum</span> <span class='ocrx_word' id='word_1_28' title='bbox 1230 729 1489 800; x_wconf 86' lang='lat' dir='ltr'>providus</span> <span class='ocrx_word' id='word_1_29' title='bbox 1530 730 1693 785; x_wconf 87' lang='lat' dir='ltr'>urbes</span> 
     </span>
    </p>
   </div>
   <div class='ocr_carea' id='block_1_7' title="bbox 262 829 2011 906">
    <p class='ocr_par' dir='ltr' id='par_1_7' title="bbox 262 829 2011 906">
     <span class='ocr_line' id='line_1_8' title="bbox 262 829 2011 906; baseline 0.002 -24"><span class='ocrx_word' id='word_1_30' title='bbox 262 830 323 882; x_wconf 91' lang='lat' dir='ltr'>Et</span> <span class='ocrx_word' id='word_1_31' title='bbox 361 847 540 883; x_wconf 89' lang='lat' dir='ltr'>mores</span> <span class='ocrx_word' id='word_1_32' title='bbox 580 829 856 883; x_wconf 88' lang='lat' dir='ltr'>hominum</span> <span class='ocrx_word' id='word_1_33' title='bbox 894 830 1147 901; x_wconf 77' lang='lat' dir='ltr'>inspexit,</span> <span class='ocrx_word' id='word_1_34' title='bbox 1187 831 1462 905; x_wconf 85' lang='lat' dir='ltr'>latumque</span> <span class='ocrx_word' id='word_1_35' title='bbox 1501 850 1599 904; x_wconf 88' lang='lat' dir='ltr'>per</span> <span class='ocrx_word' id='word_1_36' title='bbox 1637 850 1867 906; x_wconf 86' lang='lat' dir='ltr'>aequor,</span> <span class='ocrx_word' id='word_1_37' title='bbox 1943 835 2011 887; x_wconf 69' lang='grc' dir='ltr'>ΞΟ</span> 
     </span>
    </p>
   </div>
   <div class='ocr_carea' id='block_1_8' title="bbox 261 931 1868 1006">
    <p class='ocr_par' dir='ltr' id='par_1_8' title="bbox 261 931 1868 1006">
     <span class='ocr_line' id='line_1_9' title="bbox 261 931 1868 1006; baseline 0.004 -22"><span class='ocrx_word' id='word_1_38' title='bbox 261 932 400 984; x_wconf 89' lang='lat' dir='ltr'>Dum</span> <span class='ocrx_word' id='word_1_39' title='bbox 441 931 567 992; x_wconf 86' lang='lat' dir='ltr'>sibi,</span> <span class='ocrx_word' id='word_1_40' title='bbox 607 931 736 985; x_wconf 87' lang='lat' dir='ltr'>dum</span> <span class='ocrx_word' id='word_1_41' title='bbox 775 933 935 986; x_wconf 90' lang='lat' dir='ltr'>sociis</span> <span class='ocrx_word' id='word_1_42' title='bbox 975 932 1206 986; x_wconf 88' lang='lat' dir='ltr'>reditum</span> <span class='ocrx_word' id='word_1_43' title='bbox 1245 942 1422 1005; x_wconf 89' lang='lat' dir='ltr'>parat,</span> <span class='ocrx_word' id='word_1_44' title='bbox 1471 952 1663 1006; x_wconf 89' lang='lat' dir='ltr'>aspera</span> <span class='ocrx_word' id='word_1_45' title='bbox 1704 936 1868 990; x_wconf 86' lang='lat' dir='ltr'>multa</span> 
     </span>
    </p>
   </div>
   <div class='ocr_carea' id='block_1_9' title="bbox 258 1033 1644 1096">
    <p class='ocr_par' dir='ltr' id='par_1_9' title="bbox 258 1033 1644 1096">
     <span class='ocr_line' id='line_1_10' title="bbox 258 1033 1644 1096; baseline 0.002 -10"><span class='ocrx_word' id='word_1_46' title='bbox 258 1033 504 1096; x_wconf 84' lang='lat' dir='ltr'>Pertulit,</span> <span class='ocrx_word' id='word_1_47' title='bbox 547 1033 791 1089; x_wconf 85' lang='lat' dir='ltr'>adversis</span> <span class='ocrx_word' id='word_1_48' title='bbox 832 1052 1013 1088; x_wconf 89' lang='lat' dir='ltr'>rerum</span> <span class='ocrx_word' id='word_1_49' title='bbox 1054 1035 1430 1090; x_wconf 78' lang='lat' dir='ltr'>immersabilis</span> <span class='ocrx_word' id='word_1_50' title='bbox 1470 1036 1644 1090; x_wconf 83' lang='lat' dir='ltr'>undis.</span> 
     </span>
    </p>
   </div>
   <div class='ocr_carea' id='block_1_10' title="bbox 242 1230 1956 1346">
    <p class='ocr_par' dir='ltr' id='par_1_10' title="bbox 242 1230 1956 1346">
     <span class='ocr_line' id='line_1_11' title="bbox 299 1230 1956 1283; baseline 0.004 -12"><span class='ocrx_word' id='word_1_51' title='bbox 299 1232 364 1271; x_wconf 75' lang='lat'>47.</span> <span class='ocrx_word' id='word_1_52' title='bbox 410 1232 591 1271; x_wconf 74' lang='lat' dir='ltr'>Rursum</span> <span class='ocrx_word' id='word_1_53' title='bbox 621 1243 722 1272; x_wconf 87' lang='lat' dir='ltr'>cum</span> <span class='ocrx_word' id='word_1_54' title='bbox 754 1243 820 1283; x_wconf 89' lang='lat' dir='ltr'>pr.</span> <span class='ocrx_word' id='word_1_55' title='bbox 854 1246 882 1271; x_wconf 80' lang='grc' dir='ltr'>κ</span> <span class='ocrx_word' id='word_1_56' title='bbox 920 1230 1159 1272; x_wconf 87' lang='lat' dir='ltr'>Bentleius.</span> <span class='ocrx_word' id='word_1_57' title='bbox 1211 1256 1254 1261; x_wconf 93' lang='lat'>—-</span> <span class='ocrx_word' id='word_1_58' title='bbox 1304 1233 1369 1274; x_wconf 75' lang='lat'>48.</span> <span class='ocrx_word' id='word_1_59' title='bbox 1422 1233 1568 1274; x_wconf 65' lang='lat' dir='ltr'>Ulixen</span> <span class='ocrx_word' id='word_1_60' title='bbox 1605 1246 1761 1277; x_wconf 88' lang='lat' dir='ltr'>omnes</span> <span class='ocrx_word' id='word_1_61' title='bbox 1791 1238 1881 1277; x_wconf 88' lang='lat' dir='ltr'>mei</span> <span class='ocrx_word' id='word_1_62' title='bbox 1911 1239 1956 1279; x_wconf 88' lang='lat' dir='ltr'>et</span> 
     </span>
     <span class='ocr_line' id='line_1_12' title="bbox 242 1293 1954 1346; baseline 0.004 -13"><span class='ocrx_word' id='word_1_63' title='bbox 242 1295 455 1343; x_wconf 85' lang='lat' dir='ltr'>Pottierii,</span> <span class='ocrx_word' id='word_1_64' title='bbox 489 1295 596 1335; x_wconf 90' lang='lat' dir='ltr'>item</span> <span class='ocrx_word' id='word_1_65' title='bbox 625 1293 849 1336; x_wconf 89' lang='lat' dir='ltr'>Bentleius</span> <span class='ocrx_word' id='word_1_66' title='bbox 881 1297 925 1336; x_wconf 93' lang='lat' dir='ltr'>et</span> <span class='ocrx_word' id='word_1_67' title='bbox 954 1295 1007 1335; x_wconf 90' lang='lat' dir='ltr'>O:</span> <span class='ocrx_word' id='word_1_68' title='bbox 1044 1297 1223 1346; x_wconf 74' lang='lat' dir='ltr'>Ulyssem</span> <span class='ocrx_word' id='word_1_69' title='bbox 1253 1297 1358 1345; x_wconf 90' lang='lat' dir='ltr'>LCt,</span> <span class='ocrx_word' id='word_1_70' title='bbox 1395 1297 1556 1337; x_wconf 71' lang='lat' dir='ltr'>Ulixem</span> <span class='ocrx_word' id='word_1_71' title='bbox 1586 1299 1671 1339; x_wconf 87' lang='lat' dir='ltr'>FM.</span> <span class='ocrx_word' id='word_1_72' title='bbox 1709 1322 1751 1328; x_wconf 82' lang='lat'>—</span> <span class='ocrx_word' id='word_1_73' title='bbox 1785 1300 1853 1340; x_wconf 67' lang='lat'>22.</span> <span class='ocrx_word' id='word_1_74' title='bbox 1888 1301 1954 1340; x_wconf 79' lang='lat' dir='ltr'>in-</span> 
     </span>
    </p>
   </div>
   <div class='ocr_carea' id='block_1_11' title="bbox 240 1356 602 1397">
    <p class='ocr_par' dir='ltr' id='par_1_11' title="bbox 240 1356 602 1397">
     <span class='ocr_line' id='line_1_13' title="bbox 240 1356 602 1397; baseline 0.003 -2"><span class='ocrx_word' id='word_1_75' title='bbox 240 1356 471 1396; x_wconf 83' lang='lat' dir='ltr'>mersabilis</span> <span class='ocrx_word' id='word_1_76' title='bbox 499 1356 602 1397; x_wconf 86' lang='lat' dir='ltr'>bSc.</span> 
     </span>
    </p>
   </div>
   <div class='ocr_carea' id='block_1_12' title="bbox 164 1528 1063 3515">
    <p class='ocr_par' dir='ltr' id='par_1_12' title="bbox 165 1528 1063 3267">
     <span class='ocr_line' id='line_1_14' title="bbox 183 1528 1063 1581; baseline 0.001 -13"><span class='ocrx_word' id='word_1_77' title='bbox 183 1528 364 1569; x_wconf 78' lang='lat' dir='ltr'>abduxit</span> <span class='ocrx_word' id='word_1_78' title='bbox 385 1540 469 1570; x_wconf 88' lang='lat' dir='ltr'>nec</span> <span class='ocrx_word' id='word_1_79' title='bbox 491 1531 641 1570; x_wconf 87' lang='lat' dir='ltr'>tamen</span> <span class='ocrx_word' id='word_1_80' title='bbox 664 1541 764 1570; x_wconf 89' lang='lat' dir='ltr'>eam</span> <span class='ocrx_word' id='word_1_81' title='bbox 794 1530 945 1581; x_wconf 82' lang='lat' dir='ltr'>tetigit.</span> <span class='ocrx_word' id='word_1_82' title='bbox 988 1530 1063 1569; x_wconf 82' lang='lat' dir='ltr'>Mi-</span> 
     </span>
     <span class='ocr_line' id='line_1_15' title="bbox 182 1591 1062 1633; baseline 0 -1"><span class='ocrx_word' id='word_1_83' title='bbox 182 1603 263 1633; x_wconf 89' lang='lat' dir='ltr'>nus</span> <span class='ocrx_word' id='word_1_84' title='bbox 286 1595 407 1632; x_wconf 90' lang='lat' dir='ltr'>recte</span> <span class='ocrx_word' id='word_1_85' title='bbox 430 1591 626 1633; x_wconf 89' lang='lat' dir='ltr'>nonnulli</span> <span class='ocrx_word' id='word_1_86' title='bbox 648 1603 688 1632; x_wconf 93' lang='lat' dir='ltr'>v.</span> <span class='ocrx_word' id='word_1_87' title='bbox 707 1594 814 1632; x_wconf 80' lang='lat' dir='ltr'>hunc</span> <span class='ocrx_word' id='word_1_88' title='bbox 835 1592 891 1632; x_wconf 87' lang='lat' dir='ltr'>ad</span> <span class='ocrx_word' id='word_1_89' title='bbox 912 1591 1062 1632; x_wconf 80' lang='lat' dir='ltr'>Achil-</span> 
     </span>
     <span class='ocr_line' id='line_1_16' title="bbox 180 1654 1057 1708; baseline 0 -13"><span class='ocrx_word' id='word_1_90' title='bbox 180 1654 267 1695; x_wconf 89' lang='lat' dir='ltr'>lem</span> <span class='ocrx_word' id='word_1_91' title='bbox 300 1654 565 1695; x_wconf 87' lang='lat' dir='ltr'>rettulerunt</span> <span class='ocrx_word' id='word_1_92' title='bbox 598 1658 781 1708; x_wconf 90' lang='lat' dir='ltr'>propter</span> <span class='ocrx_word' id='word_1_93' title='bbox 816 1655 893 1695; x_wconf 89' lang='lat' dir='ltr'>Od.</span> <span class='ocrx_word' id='word_1_94' title='bbox 924 1656 971 1703; x_wconf 63' lang='grc' dir='ltr'>ἱ),</span> <span class='ocrx_word' id='word_1_95' title='bbox 1011 1654 1057 1705; x_wconf 75' lang='lat'>4,</span> 
     </span>
     <span class='ocr_line' id='line_1_17' title="bbox 179 1717 1060 1758; baseline 0 -1"><span class='ocrx_word' id='word_1_96' title='bbox 179 1717 225 1757; x_wconf 86' lang='lat'>3:</span> <span class='ocrx_word' id='word_1_97' title='bbox 272 1719 425 1757; x_wconf 67' lang='lat' dir='ltr'>Briseis</span> <span class='ocrx_word' id='word_1_98' title='bbox 453 1719 571 1758; x_wconf 77' lang='lat' dir='ltr'>niveo</span> <span class='ocrx_word' id='word_1_99' title='bbox 602 1719 738 1758; x_wconf 86' lang='lat' dir='ltr'>colore</span> <span class='ocrx_word' id='word_1_100' title='bbox 766 1719 898 1758; x_wconf 74' lang='lat' dir='ltr'>Movit</span> <span class='ocrx_word' id='word_1_101' title='bbox 925 1718 1060 1757; x_wconf 82' lang='lat' dir='ltr'>Achil-</span> 
     </span>
     <span class='ocr_line' id='line_1_18' title="bbox 178 1779 1054 1830; baseline 0 -11"><span class='ocrx_word' id='word_1_102' title='bbox 178 1780 279 1830; x_wconf 75' lang='lat' dir='ltr'>lem,</span> <span class='ocrx_word' id='word_1_103' title='bbox 314 1782 357 1820; x_wconf 89' lang='lat' dir='ltr'>et</span> <span class='ocrx_word' id='word_1_104' title='bbox 386 1780 505 1820; x_wconf 80' lang='lat' dir='ltr'>Iliad.</span> <span class='ocrx_word' id='word_1_105' title='bbox 532 1795 572 1830; x_wconf 84' lang='grc' dir='ltr'>ι,</span> <span class='ocrx_word' id='word_1_106' title='bbox 606 1781 717 1830; x_wconf 54' lang='lat'>3422„</span> <span class='ocrx_word' id='word_1_107' title='bbox 751 1780 828 1820; x_wconf 89' lang='lat' dir='ltr'>ubi</span> <span class='ocrx_word' id='word_1_108' title='bbox 848 1779 1054 1821; x_wconf 83' lang='lat' dir='ltr'>Achilles:</span> 
     </span>
     <span class='ocr_line' id='line_1_19' title="bbox 177 1839 1056 1897; baseline 0.001 -14"><span class='ocrx_word' id='word_1_109' title='bbox 177 1840 267 1897; x_wconf 76' lang='grc' dir='ltr'>ἐγώ</span> <span class='ocrx_word' id='word_1_110' title='bbox 312 1840 399 1897; x_wconf 81' lang='grc' dir='ltr'>τήν</span> <span class='ocrx_word' id='word_1_111' title='bbox 431 1839 512 1884; x_wconf 80' lang='grc' dir='ltr'>Ἐκ</span> <span class='ocrx_word' id='word_1_112' title='bbox 544 1839 704 1896; x_wconf 75' lang='grc' dir='ltr'><em>θυμοῦ</em></span> <span class='ocrx_word' id='word_1_113' title='bbox 745 1842 914 1893; x_wconf 74' lang='grc' dir='ltr'>φίλεον</span> <span class='ocrx_word' id='word_1_114' title='bbox 944 1841 1056 1884; x_wconf 79' lang='grc' dir='ltr'><em>δου-</em></span> 
     </span>
     <span class='ocr_line' id='line_1_20' title="bbox 176 1902 1053 1965; baseline 0 -19"><span class='ocrx_word' id='word_1_115' title='bbox 176 1904 403 1963; x_wconf 81' lang='grc' dir='ltr'><em>ρικτητήν</em></span> <span class='ocrx_word' id='word_1_116' title='bbox 435 1919 520 1965; x_wconf 76' lang='grc' dir='ltr'>περ</span> <span class='ocrx_word' id='word_1_117' title='bbox 550 1902 745 1948; x_wconf 73' lang='grc' dir='ltr'>ἔουσαν.</span> <span class='ocrx_word' id='word_1_118' title='bbox 794 1908 960 1947; x_wconf 82' lang='lat' dir='ltr'>Verum</span> <span class='ocrx_word' id='word_1_119' title='bbox 982 1907 1053 1946; x_wconf 91' lang='lat' dir='ltr'>hic</span> 
     </span>
     <span class='ocr_line' id='line_1_21' title="bbox 176 1969 1051 2022; baseline 0 -13"><span class='ocrx_word' id='word_1_120' title='bbox 176 1981 353 2021; x_wconf 87' lang='lat' dir='ltr'>quoque</span> <span class='ocrx_word' id='word_1_121' title='bbox 398 1971 633 2022; x_wconf 82' lang='lat' dir='ltr'>respicitur</span> <span class='ocrx_word' id='word_1_122' title='bbox 675 1969 819 2009; x_wconf 76' lang='lat' dir='ltr'>Iliadis</span> <span class='ocrx_word' id='word_1_123' title='bbox 867 1970 1051 2009; x_wconf 88' lang='lat' dir='ltr'>initium.</span> 
     </span>
     <span class='ocr_line' id='line_1_22' title="bbox 178 2032 1051 2084; baseline -0.001 -12"><span class='ocrx_word' id='word_1_124' title='bbox 178 2055 223 2061; x_wconf 88' lang='lat'>-</span> <span class='ocrx_word' id='word_1_125' title='bbox 258 2033 356 2084; x_wconf 81' lang='lat' dir='ltr'>urit]</span> <span class='ocrx_word' id='word_1_126' title='bbox 389 2034 437 2072; x_wconf 90' lang='lat' dir='ltr'>ut</span> <span class='ocrx_word' id='word_1_127' title='bbox 467 2033 624 2073; x_wconf 88' lang='lat' dir='ltr'>similia</span> <span class='ocrx_word' id='word_1_128' title='bbox 656 2033 844 2084; x_wconf 80' lang='lat' dir='ltr'>(ardere,</span> <span class='ocrx_word' id='word_1_129' title='bbox 876 2032 1051 2080; x_wconf 75' lang='lat' dir='ltr'>fervere,</span> 
     </span>
     <span class='ocr_line' id='line_1_23' title="bbox 174 2095 1052 2148; baseline 0.002 -15"><span class='ocrx_word' id='word_1_130' title='bbox 174 2095 465 2148; x_wconf 78' lang='lat' dir='ltr'>inflammare,</span> <span class='ocrx_word' id='word_1_131' title='bbox 498 2097 735 2144; x_wconf 80' lang='lat' dir='ltr'>incendere,</span> <span class='ocrx_word' id='word_1_132' title='bbox 768 2095 973 2147; x_wconf 72' lang='lat' dir='ltr'>flayrare)</span> <span class='ocrx_word' id='word_1_133' title='bbox 997 2095 1052 2135; x_wconf 88' lang='lat' dir='ltr'>de</span> 
     </span>
     <span class='ocr_line' id='line_1_24' title="bbox 173 2156 1049 2209; baseline 0.002 -14"><span class='ocrx_word' id='word_1_134' title='bbox 173 2156 376 2197; x_wconf 82' lang='lat' dir='ltr'>violentis</span> <span class='ocrx_word' id='word_1_135' title='bbox 434 2158 568 2197; x_wconf 87' lang='lat' dir='ltr'>animi</span> <span class='ocrx_word' id='word_1_136' title='bbox 624 2157 1049 2209; x_wconf 84' lang='lat' dir='ltr'>perturbationibus.</span> 
     </span>
     <span class='ocr_line' id='line_1_25' title="bbox 174 2220 1054 2269; baseline 0.001 -11"><span class='ocrx_word' id='word_1_137' title='bbox 174 2220 261 2258; x_wconf 88' lang='lat' dir='ltr'>Sat.</span> <span class='ocrx_word' id='word_1_138' title='bbox 302 2221 349 2268; x_wconf 72' lang='lat'>4,</span> <span class='ocrx_word' id='word_1_139' title='bbox 392 2220 439 2269; x_wconf 82' lang='lat'>9,</span> <span class='ocrx_word' id='word_1_140' title='bbox 483 2220 562 2259; x_wconf 81' lang='lat'>66:</span> <span class='ocrx_word' id='word_1_141' title='bbox 607 2231 744 2259; x_wconf 81' lang='lat' dir='ltr'>meum</span> <span class='ocrx_word' id='word_1_142' title='bbox 779 2220 895 2259; x_wconf 76' lang='lat' dir='ltr'>iecur</span> <span class='ocrx_word' id='word_1_143' title='bbox 931 2231 1054 2259; x_wconf 83' lang='lat' dir='ltr'>urere</span> 
     </span>
     <span class='ocr_line' id='line_1_26' title="bbox 173 2281 1052 2333; baseline 0.002 -13"><span class='ocrx_word' id='word_1_144' title='bbox 173 2281 283 2331; x_wconf 85' lang='lat' dir='ltr'>bilis,</span> <span class='ocrx_word' id='word_1_145' title='bbox 318 2282 464 2333; x_wconf 88' lang='lat' dir='ltr'>«quod</span> <span class='ocrx_word' id='word_1_146' title='bbox 495 2281 685 2322; x_wconf 68' lang='lat' dir='ltr'>verbum</span> <span class='ocrx_word' id='word_1_147' title='bbox 711 2281 766 2322; x_wconf 92' lang='lat' dir='ltr'>de</span> <span class='ocrx_word' id='word_1_148' title='bbox 789 2282 1052 2323; x_wconf 84' lang='lat' dir='ltr'>ardentissi—</span> 
     </span>
     <span class='ocr_line' id='line_1_27' title="bbox 173 2343 1050 2395; baseline 0 -11"><span class='ocrx_word' id='word_1_149' title='bbox 173 2355 271 2393; x_wconf 90' lang='lat' dir='ltr'>mo,</span> <span class='ocrx_word' id='word_1_150' title='bbox 333 2346 406 2395; x_wconf 88' lang='lat' dir='ltr'>qui</span> <span class='ocrx_word' id='word_1_151' title='bbox 456 2345 685 2385; x_wconf 87' lang='lat' dir='ltr'>hominem</span> <span class='ocrx_word' id='word_1_152' title='bbox 735 2346 926 2393; x_wconf 85' lang='lat' dir='ltr'>cruciat,</span> <span class='ocrx_word' id='word_1_153' title='bbox 979 2343 1050 2385; x_wconf 74' lang='lat' dir='ltr'>vel</span> 
     </span>
     <span class='ocr_line' id='line_1_28' title="bbox 172 2406 1046 2459; baseline -0.001 -12"><span class='ocrx_word' id='word_1_154' title='bbox 172 2418 324 2447; x_wconf 87' lang='lat' dir='ltr'>amore</span> <span class='ocrx_word' id='word_1_155' title='bbox 362 2406 431 2447; x_wconf 71' lang='lat' dir='ltr'>vel</span> <span class='ocrx_word' id='word_1_156' title='bbox 472 2409 535 2447; x_wconf 88' lang='lat' dir='ltr'>ira</span> <span class='ocrx_word' id='word_1_157' title='bbox 565 2410 848 2459; x_wconf 81' lang='lat' dir='ltr'>usurpatur.»</span> <span class='ocrx_word' id='word_1_158' title='bbox 895 2409 1046 2447; x_wconf 61' lang='lat' dir='ltr'>Omma.</span> 
     </span>
     <span class='ocr_line' id='line_1_29' title="bbox 171 2469 1051 2521; baseline -0.001 -12"><span class='ocrx_word' id='word_1_159' title='bbox 171 2469 438 2510; x_wconf 84' lang='lat' dir='ltr'>Doederlein</span> <span class='ocrx_word' id='word_1_160' title='bbox 459 2471 615 2520; x_wconf 71' lang='lat' dir='ltr'>Syrien.</span> <span class='ocrx_word' id='word_1_161' title='bbox 640 2471 706 2509; x_wconf 73' lang='lat' dir='ltr'>IV.</span> <span class='ocrx_word' id='word_1_162' title='bbox 728 2482 769 2521; x_wconf 88' lang='lat' dir='ltr'>p.</span> <span class='ocrx_word' id='word_1_163' title='bbox 789 2469 891 2510; x_wconf 58' lang='lat'>⁴247:</span> <span class='ocrx_word' id='word_1_164' title='bbox 928 2481 1051 2510; x_wconf 89' lang='lat' dir='ltr'>«cru-</span> 
     </span>
     <span class='ocr_line' id='line_1_30' title="bbox 171 2532 1045 2584; baseline 0.001 -14"><span class='ocrx_word' id='word_1_165' title='bbox 171 2532 257 2571; x_wconf 89' lang='lat' dir='ltr'>ciat</span> <span class='ocrx_word' id='word_1_166' title='bbox 287 2532 478 2584; x_wconf 87' lang='lat' dir='ltr'>ideoque</span> <span class='ocrx_word' id='word_1_167' title='bbox 510 2533 691 2572; x_wconf 81' lang='lat' dir='ltr'>irritat.»</span> <span class='ocrx_word' id='word_1_168' title='bbox 721 2555 765 2561; x_wconf 92' lang='lat'><strong>—</strong></span> <span class='ocrx_word' id='word_1_169' title='bbox 797 2533 1045 2584; x_wconf 76' lang='lat' dir='ltr'>plectuntur]</span> 
     </span>
     <span class='ocr_line' id='line_1_31' title="bbox 171 2594 1050 2648; baseline 0 -14"><span class='ocrx_word' id='word_1_170' title='bbox 171 2605 363 2646; x_wconf 84' lang='lat' dir='ltr'>«poenas</span> <span class='ocrx_word' id='word_1_171' title='bbox 384 2594 551 2639; x_wconf 85' lang='lat' dir='ltr'>luunt»;</span> <span class='ocrx_word' id='word_1_172' title='bbox 578 2596 703 2646; x_wconf 77' lang='lat' dir='ltr'>plecti</span> <span class='ocrx_word' id='word_1_173' title='bbox 723 2597 901 2648; x_wconf 84' lang='lat' dir='ltr'>proprie</span> <span class='ocrx_word' id='word_1_174' title='bbox 927 2607 1050 2634; x_wconf 76' lang='lat' dir='ltr'>«ver—</span> 
     </span>
     <span class='ocr_line' id='line_1_32' title="bbox 167 2656 1044 2709; baseline 0.002 -13"><span class='ocrx_word' id='word_1_175' title='bbox 167 2656 352 2698; x_wconf 86' lang='lat' dir='ltr'>beribus</span> <span class='ocrx_word' id='word_1_176' title='bbox 394 2659 581 2709; x_wconf 88' lang='lat' dir='ltr'>puniri.»</span> <span class='ocrx_word' id='word_1_177' title='bbox 632 2659 720 2698; x_wconf 84' lang='lat' dir='ltr'>Sat.</span> <span class='ocrx_word' id='word_1_178' title='bbox 754 2659 802 2707; x_wconf 68' lang='lat'>2,</span> <span class='ocrx_word' id='word_1_179' title='bbox 850 2659 896 2707; x_wconf 85' lang='lat'>7,</span> <span class='ocrx_word' id='word_1_180' title='bbox 944 2659 1044 2698; x_wconf 63' lang='lat'>2¹05:</span> 
     </span>
     <span class='ocr_line' id='line_1_33' title="bbox 170 2719 1048 2773; baseline 0.001 -14"><span class='ocrx_word' id='word_1_181' title='bbox 170 2719 297 2771; x_wconf 79' lang='lat' dir='ltr'>Yer90</span> <span class='ocrx_word' id='word_1_182' title='bbox 321 2721 495 2770; x_wconf 76' lang='lat' dir='ltr'>plector.</span> <span class='ocrx_word' id='word_1_183' title='bbox 532 2744 577 2749; x_wconf 82' lang='lat'>—</span> <span class='ocrx_word' id='word_1_184' title='bbox 608 2721 762 2773; x_wconf 83' lang='lat' dir='ltr'>Achivi]</span> <span class='ocrx_word' id='word_1_185' title='bbox 802 2721 910 2761; x_wconf 89' lang='lat' dir='ltr'>Miro</span> <span class='ocrx_word' id='word_1_186' title='bbox 940 2731 1048 2760; x_wconf 88' lang='lat' dir='ltr'>acu-</span> 
     </span>
     <span class='ocr_line' id='line_1_34' title="bbox 167 2783 1049 2834; baseline 0.002 -12"><span class='ocrx_word' id='word_1_187' title='bbox 167 2783 286 2822; x_wconf 90' lang='lat' dir='ltr'>mine</span> <span class='ocrx_word' id='word_1_188' title='bbox 315 2783 401 2823; x_wconf 91' lang='lat' dir='ltr'>hoc</span> <span class='ocrx_word' id='word_1_189' title='bbox 430 2794 527 2823; x_wconf 85' lang='lat' dir='ltr'>voc.</span> <span class='ocrx_word' id='word_1_190' title='bbox 546 2784 724 2834; x_wconf 80' lang='lat' dir='ltr'>populos</span> <span class='ocrx_word' id='word_1_191' title='bbox 752 2784 960 2824; x_wconf 91' lang='lat' dir='ltr'>universe</span> <span class='ocrx_word' id='word_1_192' title='bbox 993 2785 1049 2824; x_wconf 90' lang='lat' dir='ltr'>si-</span> 
     </span>
     <span class='ocr_line' id='line_1_35' title="bbox 167 2845 1047 2896; baseline 0.003 -12"><span class='ocrx_word' id='word_1_193' title='bbox 167 2845 363 2895; x_wconf 83' lang='lat' dir='ltr'>gnificari</span> <span class='ocrx_word' id='word_1_194' title='bbox 385 2857 528 2896; x_wconf 89' lang='lat' dir='ltr'>eoque</span> <span class='ocrx_word' id='word_1_195' title='bbox 548 2847 682 2886; x_wconf 88' lang='lat' dir='ltr'>etiam</span> <span class='ocrx_word' id='word_1_196' title='bbox 706 2847 908 2886; x_wconf 79' lang='lat' dir='ltr'>Troianos</span> <span class='ocrx_word' id='word_1_197' title='bbox 927 2857 1047 2887; x_wconf 93' lang='lat' dir='ltr'>com-</span> 
     </span>
     <span class='ocr_line' id='line_1_36' title="bbox 166 2907 1044 2958; baseline 0.005 -13"><span class='ocrx_word' id='word_1_198' title='bbox 166 2907 385 2958; x_wconf 88' lang='lat' dir='ltr'>prehendi</span> <span class='ocrx_word' id='word_1_199' title='bbox 404 2910 528 2948; x_wconf 87' lang='lat' dir='ltr'>ratus</span> <span class='ocrx_word' id='word_1_200' title='bbox 550 2911 619 2950; x_wconf 88' lang='lat' dir='ltr'>est</span> <span class='ocrx_word' id='word_1_201' title='bbox 639 2910 888 2957; x_wconf 87' lang='lat' dir='ltr'>Dacierius;</span> <span class='ocrx_word' id='word_1_202' title='bbox 908 2910 1044 2949; x_wconf 88' lang='lat' dir='ltr'>immo</span> 
     </span>
     <span class='ocr_line' id='line_1_37' title="bbox 166 2970 1044 3022; baseline 0.005 -16"><span class='ocrx_word' id='word_1_203' title='bbox 166 2970 299 3018; x_wconf 78' lang='lat' dir='ltr'>poeta</span> <span class='ocrx_word' id='word_1_204' title='bbox 329 2970 509 3020; x_wconf 87' lang='lat' dir='ltr'>respicit</span> <span class='ocrx_word' id='word_1_205' title='bbox 541 2970 839 3022; x_wconf 87' lang='lat' dir='ltr'>pestilentiam</span> <span class='ocrx_word' id='word_1_206' title='bbox 868 2971 1044 3011; x_wconf 87' lang='lat' dir='ltr'>Achivis</span> 
     </span>
     <span class='ocr_line' id='line_1_38' title="bbox 167 3028 1043 3084; baseline 0.006 -16"><span class='ocrx_word' id='word_1_207' title='bbox 167 3028 223 3068; x_wconf 87' lang='lat' dir='ltr'>ab</span> <span class='ocrx_word' id='word_1_208' title='bbox 269 3028 466 3080; x_wconf 83' lang='lat' dir='ltr'>Apolline</span> <span class='ocrx_word' id='word_1_209' title='bbox 508 3033 691 3083; x_wconf 91' lang='lat' dir='ltr'>propter</span> <span class='ocrx_word' id='word_1_210' title='bbox 735 3034 940 3084; x_wconf 84' lang='lat' dir='ltr'>Chrysen</span> <span class='ocrx_word' id='word_1_211' title='bbox 987 3033 1043 3073; x_wconf 84' lang='lat' dir='ltr'>ab</span> 
     </span>
     <span class='ocr_line' id='line_1_39' title="bbox 166 3094 1046 3142; baseline 0.003 -10"><span class='ocrx_word' id='word_1_212' title='bbox 166 3094 499 3142; x_wconf 82' lang='lat' dir='ltr'>Agamemnone</span> <span class='ocrx_word' id='word_1_213' title='bbox 538 3094 756 3135; x_wconf 86' lang='lat' dir='ltr'>reiectum</span> <span class='ocrx_word' id='word_1_214' title='bbox 804 3097 915 3135; x_wconf 86' lang='lat' dir='ltr'>irato</span> <span class='ocrx_word' id='word_1_215' title='bbox 959 3096 1046 3135; x_wconf 90' lang='lat' dir='ltr'>im-</span> 
     </span>
     <span class='ocr_line' id='line_1_40' title="bbox 165 3154 1042 3206; baseline 0.005 -13"><span class='ocrx_word' id='word_1_216' title='bbox 165 3154 348 3195; x_wconf 88' lang='lat' dir='ltr'>missam</span> <span class='ocrx_word' id='word_1_217' title='bbox 391 3156 654 3206; x_wconf 86' lang='lat' dir='ltr'>ceterasque</span> <span class='ocrx_word' id='word_1_218' title='bbox 686 3156 959 3199; x_wconf 83' lang='lat' dir='ltr'>calamitates</span> <span class='ocrx_word' id='word_1_219' title='bbox 991 3169 1042 3198; x_wconf 84' lang='lat' dir='ltr'>ex</span> 
     </span>
     <span class='ocr_line' id='line_1_41' title="bbox 165 3216 580 3267; baseline 0 -12"><span class='ocrx_word' id='word_1_220' title='bbox 165 3226 320 3267; x_wconf 85' lang='lat' dir='ltr'>regum</span> <span class='ocrx_word' id='word_1_221' title='bbox 352 3216 413 3255; x_wconf 91' lang='lat' dir='ltr'>ira</span> <span class='ocrx_word' id='word_1_222' title='bbox 446 3218 580 3256; x_wconf 89' lang='lat' dir='ltr'>ortas.</span> 
     </span>
    </p>

    <p class='ocr_par' dir='ltr' id='par_1_13' title="bbox 164 3278 1047 3515">
     <span class='ocr_line' id='line_1_42' title="bbox 221 3278 1045 3330; baseline 0.005 -13"><span class='ocrx_word' id='word_1_223' title='bbox 221 3278 366 3317; x_wconf 71' lang='lat'><strong>47-26.</strong></span> <span class='ocrx_word' id='word_1_224' title='bbox 417 3278 588 3329; x_wconf 79' lang='lat' dir='ltr'>Rursus]</span> <span class='ocrx_word' id='word_1_225' title='bbox 632 3279 862 3330; x_wconf 87' lang='lat' dir='ltr'>Antiquior</span> <span class='ocrx_word' id='word_1_226' title='bbox 904 3280 1045 3321; x_wconf 88' lang='lat' dir='ltr'>forma</span> 
     </span>
     <span class='ocr_line' id='line_1_43' title="bbox 166 3339 1047 3392; baseline 0.005 -14"><span class='ocrx_word' id='word_1_227' title='bbox 166 3341 234 3379; x_wconf 90' lang='lat' dir='ltr'>est</span> <span class='ocrx_word' id='word_1_228' title='bbox 261 3351 454 3389; x_wconf 80' lang='lat' dir='ltr'>rursum,</span> <span class='ocrx_word' id='word_1_229' title='bbox 489 3352 592 3380; x_wconf 84' lang='lat' dir='ltr'>nam</span> <span class='ocrx_word' id='word_1_230' title='bbox 623 3339 759 3380; x_wconf 88' lang='lat' dir='ltr'>altera</span> <span class='ocrx_word' id='word_1_231' title='bbox 783 3341 899 3392; x_wconf 90' lang='lat' dir='ltr'>apud</span> <span class='ocrx_word' id='word_1_232' title='bbox 922 3342 1047 3382; x_wconf 84' lang='lat' dir='ltr'>Plau-</span> 
     </span>
     <span class='ocr_line' id='line_1_44' title="bbox 165 3403 1044 3454; baseline 0.007 -15"><span class='ocrx_word' id='word_1_233' title='bbox 165 3410 260 3448; x_wconf 71' lang='lat' dir='ltr'>tum</span> <span class='ocrx_word' id='word_1_234' title='bbox 309 3413 397 3442; x_wconf 90' lang='lat' dir='ltr'>non</span> <span class='ocrx_word' id='word_1_235' title='bbox 445 3403 680 3454; x_wconf 87' lang='lat' dir='ltr'>reperitur.</span> <span class='ocrx_word' id='word_1_236' title='bbox 751 3403 895 3453; x_wconf 83' lang='lat' dir='ltr'>Reisig</span> <span class='ocrx_word' id='word_1_237' title='bbox 949 3405 1044 3445; x_wconf 81' lang='lat' dir='ltr'>Lat.</span> 
     </span>
     <span class='ocr_line' id='line_1_45' title="bbox 164 3462 1046 3515; baseline 0.005 -14"><span class='ocrx_word' id='word_1_238' title='bbox 164 3462 381 3512; x_wconf 82' lang='lat' dir='ltr'>Sprachw.</span> <span class='ocrx_word' id='word_1_239' title='bbox 399 3474 443 3515; x_wconf 92' lang='lat' dir='ltr'>p.</span> <span class='ocrx_word' id='word_1_240' title='bbox 462 3465 557 3503; x_wconf 65' lang='lat'>241.</span> <span class='ocrx_word' id='word_1_241' title='bbox 592 3463 679 3503; x_wconf 87' lang='lat' dir='ltr'>Sed</span> <span class='ocrx_word' id='word_1_242' title='bbox 699 3463 770 3503; x_wconf 83' lang='lat' dir='ltr'>hic</span> <span class='ocrx_word' id='word_1_243' title='bbox 793 3466 913 3504; x_wconf 88' lang='lat' dir='ltr'>certe</span> <span class='ocrx_word' id='word_1_244' title='bbox 932 3475 1046 3505; x_wconf 88' lang='lat' dir='ltr'>con-</span> 
     </span>
    </p>
   </div>
   <div class='ocr_carea' id='block_1_13' title="bbox 1108 1528 2005 3520">
    <p class='ocr_par' dir='ltr' id='par_1_14' title="bbox 1108 1528 2005 3520">
     <span class='ocr_line' id='line_1_46' title="bbox 1126 1528 2004 1588; baseline 0.008 -20"><span class='ocrx_word' id='word_1_245' title='bbox 1126 1540 1214 1569; x_wconf 91' lang='lat' dir='ltr'>non</span> <span class='ocrx_word' id='word_1_246' title='bbox 1245 1528 1461 1571; x_wconf 72' lang='lat' dir='ltr'>debebat,</span> <span class='ocrx_word' id='word_1_247' title='bbox 1498 1555 1540 1560; x_wconf 82' lang='lat'><em>-</em></span> <span class='ocrx_word' id='word_1_248' title='bbox 1570 1531 1670 1571; x_wconf 80' lang='lat' dir='ltr'>Utile</span> <span class='ocrx_word' id='word_1_249' title='bbox 1692 1554 1753 1561; x_wconf 94' lang='lat'>--</span> <span class='ocrx_word' id='word_1_250' title='bbox 1773 1534 2004 1588; x_wconf 62' lang='lat' dir='ltr'>exemplar]</span> 
     </span>
     <span class='ocr_line' id='line_1_47' title="bbox 1127 1592 2005 1644; baseline 0.008 -13"><span class='ocrx_word' id='word_1_251' title='bbox 1127 1592 1335 1643; x_wconf 81' lang='lat' dir='ltr'>«dignum</span> <span class='ocrx_word' id='word_1_252' title='bbox 1366 1593 1485 1644; x_wconf 88' lang='lat' dir='ltr'>quod</span> <span class='ocrx_word' id='word_1_253' title='bbox 1509 1594 1776 1635; x_wconf 89' lang='lat' dir='ltr'>imitemur.»</span> <span class='ocrx_word' id='word_1_254' title='bbox 1827 1597 1896 1637; x_wconf 91' lang='lat' dir='ltr'>Sic</span> <span class='ocrx_word' id='word_1_255' title='bbox 1917 1598 2005 1638; x_wconf 87' lang='lat' dir='ltr'>iam</span> 
     </span>
     <span class='ocr_line' id='line_1_48' title="bbox 1124 1653 2005 1710; baseline 0.007 -17"><span class='ocrx_word' id='word_1_256' title='bbox 1124 1653 1376 1695; x_wconf 82' lang='lat' dir='ltr'>Alcidamas</span> <span class='ocrx_word' id='word_1_257' title='bbox 1407 1656 1707 1707; x_wconf 88' lang='lat' dir='ltr'>reprehensus</span> <span class='ocrx_word' id='word_1_258' title='bbox 1737 1661 1922 1710; x_wconf 87' lang='lat' dir='ltr'>propter</span> <span class='ocrx_word' id='word_1_259' title='bbox 1951 1659 2005 1699; x_wconf 85' lang='lat' dir='ltr'>fl-</span> 
     </span>
     <span class='ocr_line' id='line_1_49' title="bbox 1124 1717 2002 1767; baseline 0.008 -12"><span class='ocrx_word' id='word_1_260' title='bbox 1124 1728 1258 1767; x_wconf 82' lang='lat' dir='ltr'>gurae</span> <span class='ocrx_word' id='word_1_261' title='bbox 1317 1717 1596 1758; x_wconf 84' lang='lat' dir='ltr'>insolentiam</span> <span class='ocrx_word' id='word_1_262' title='bbox 1654 1718 1709 1758; x_wconf 88' lang='lat' dir='ltr'>ab</span> <span class='ocrx_word' id='word_1_263' title='bbox 1769 1721 2002 1762; x_wconf 83' lang='lat' dir='ltr'>Aristotele</span> 
     </span>
     <span class='ocr_line' id='line_1_50' title="bbox 1122 1775 2004 1834; baseline 0.008 -17"><span class='ocrx_word' id='word_1_264' title='bbox 1122 1779 1246 1819; x_wconf 86' lang='lat' dir='ltr'>Rhet.</span> <span class='ocrx_word' id='word_1_265' title='bbox 1272 1780 1321 1828; x_wconf 90' lang='lat'>3,</span> <span class='ocrx_word' id='word_1_266' title='bbox 1345 1780 1393 1830; x_wconf 88' lang='lat'>3,</span> <span class='ocrx_word' id='word_1_267' title='bbox 1428 1780 1467 1821; x_wconf 73' lang='lat'>4.</span> <span class='ocrx_word' id='word_1_268' title='bbox 1520 1777 1607 1834; x_wconf 77' lang='grc' dir='ltr'>τὴν</span> <span class='ocrx_word' id='word_1_269' title='bbox 1623 1775 1902 1823; x_wconf 76' lang='grc' dir='ltr'><em>Ὀδύσσειαν</em></span> <span class='ocrx_word' id='word_1_270' title='bbox 1921 1797 2004 1824; x_wconf 79' lang='grc' dir='ltr'>κα-</span> 
     </span>
     <span class='ocr_line' id='line_1_51' title="bbox 1121 1837 2002 1905; baseline 0.009 -25"><span class='ocrx_word' id='word_1_271' title='bbox 1121 1838 1206 1881; x_wconf 82' lang='grc' dir='ltr'>λὸν</span> <span class='ocrx_word' id='word_1_272' title='bbox 1246 1837 1551 1900; x_wconf 70' lang='grc' dir='ltr'><em>ἀνθρωπίνου</em></span> <span class='ocrx_word' id='word_1_273' title='bbox 1588 1842 1700 1892; x_wconf 76' lang='grc' dir='ltr'><em>βίου</em></span> <span class='ocrx_word' id='word_1_274' title='bbox 1732 1844 2002 1905; x_wconf 68' lang='grc' dir='ltr'><em>κάτοπτρον</em></span> 
     </span>
     <span class='ocr_line' id='line_1_52' title="bbox 1121 1905 2002 1956; baseline 0.007 -12"><span class='ocrx_word' id='word_1_275' title='bbox 1121 1905 1379 1956; x_wconf 89' lang='lat' dir='ltr'>appellarat.</span> <span class='ocrx_word' id='word_1_276' title='bbox 1408 1930 1453 1934; x_wconf 90' lang='lat'>—</span> <span class='ocrx_word' id='word_1_277' title='bbox 1486 1907 1592 1947; x_wconf 88' lang='lat' dir='ltr'>Mire</span> <span class='ocrx_word' id='word_1_278' title='bbox 1623 1908 1871 1949; x_wconf 84' lang='lat' dir='ltr'>Wakefield</span> <span class='ocrx_word' id='word_1_279' title='bbox 1900 1911 2002 1950; x_wconf 89' lang='lat' dir='ltr'>iun-</span> 
     </span>
     <span class='ocr_line' id='line_1_53' title="bbox 1120 1969 2002 2022; baseline 0.007 -16"><span class='ocrx_word' id='word_1_280' title='bbox 1120 1969 1200 2007; x_wconf 73' lang='lat' dir='ltr'>xit:</span> <span class='ocrx_word' id='word_1_281' title='bbox 1246 1970 1345 2019; x_wconf 75' lang='lat' dir='ltr'>quid</span> <span class='ocrx_word' id='word_1_282' title='bbox 1374 1970 1473 2009; x_wconf 77' lang='lat' dir='ltr'>utile</span> <span class='ocrx_word' id='word_1_283' title='bbox 1498 1971 1639 2019; x_wconf 78' lang='lat' dir='ltr'>possit.</span> <span class='ocrx_word' id='word_1_284' title='bbox 1678 1994 1723 1999; x_wconf 90' lang='lat'>—</span> <span class='ocrx_word' id='word_1_285' title='bbox 1758 1973 1837 2022; x_wconf 76' lang='lat' dir='ltr'>Qui</span> <span class='ocrx_word' id='word_1_286' title='bbox 1866 1973 2002 2012; x_wconf 85' lang='lat' dir='ltr'>domi·</span> 
     </span>
     <span class='ocr_line' id='line_1_54' title="bbox 1117 2032 2002 2081; baseline 0.007 -11"><span class='ocrx_word' id='word_1_287' title='bbox 1117 2034 1184 2070; x_wconf 84' lang='lat' dir='ltr'>lor</span> <span class='ocrx_word' id='word_1_288' title='bbox 1204 2032 1307 2081; x_wconf 38' lang='lat' dir='ltr'>ceti]</span> <span class='ocrx_word' id='word_1_289' title='bbox 1340 2032 1497 2072; x_wconf 90' lang='lat' dir='ltr'>Libere</span> <span class='ocrx_word' id='word_1_290' title='bbox 1520 2033 1562 2072; x_wconf 91' lang='lat' dir='ltr'>in</span> <span class='ocrx_word' id='word_1_291' title='bbox 1593 2035 1796 2074; x_wconf 88' lang='lat' dir='ltr'>Latinum</span> <span class='ocrx_word' id='word_1_292' title='bbox 1818 2046 2002 2076; x_wconf 87' lang='lat' dir='ltr'>conver-</span> 
     </span>
     <span class='ocr_line' id='line_1_55' title="bbox 1118 2094 1999 2146; baseline 0.007 -13"><span class='ocrx_word' id='word_1_293' title='bbox 1118 2094 1168 2133; x_wconf 90' lang='lat' dir='ltr'>tit</span> <span class='ocrx_word' id='word_1_294' title='bbox 1198 2094 1425 2145; x_wconf 74' lang='lat' dir='ltr'>Odysseae</span> <span class='ocrx_word' id='word_1_295' title='bbox 1459 2095 1711 2146; x_wconf 83' lang='lat' dir='ltr'>exordium,</span> <span class='ocrx_word' id='word_1_296' title='bbox 1760 2099 1807 2137; x_wconf 90' lang='lat' dir='ltr'>ut</span> <span class='ocrx_word' id='word_1_297' title='bbox 1845 2109 1999 2140; x_wconf 88' lang='lat' dir='ltr'>rursus</span> 
     </span>
     <span class='ocr_line' id='line_1_56' title="bbox 1119 2155 1996 2212; baseline 0.007 -17"><span class='ocrx_word' id='word_1_298' title='bbox 1119 2155 1245 2196; x_wconf 86' lang='lat' dir='ltr'>aliter</span> <span class='ocrx_word' id='word_1_299' title='bbox 1273 2158 1322 2197; x_wconf 85' lang='lat' dir='ltr'>A.</span> <span class='ocrx_word' id='word_1_300' title='bbox 1347 2159 1393 2197; x_wconf 92' lang='lat' dir='ltr'>P.</span> <span class='ocrx_word' id='word_1_301' title='bbox 1419 2157 1490 2198; x_wconf 70' lang='lat'>444</span> <span class='ocrx_word' id='word_1_302' title='bbox 1513 2170 1520 2196; x_wconf 91' lang='lat'><strong>:</strong></span> <span class='ocrx_word' id='word_1_303' title='bbox 1567 2159 1647 2198; x_wconf 88' lang='lat' dir='ltr'>Dic</span> <span class='ocrx_word' id='word_1_304' title='bbox 1686 2160 1809 2209; x_wconf 75' lang='lat' dir='ltr'>milii,</span> <span class='ocrx_word' id='word_1_305' title='bbox 1848 2162 1996 2212; x_wconf 82' lang='lat' dir='ltr'>Musa,</span> 
     </span>
     <span class='ocr_line' id='line_1_57' title="bbox 1115 2220 1997 2272; baseline 0.006 -13"><span class='ocrx_word' id='word_1_306' title='bbox 1115 2220 1275 2269; x_wconf 78' lang='lat' dir='ltr'>virum,</span> <span class='ocrx_word' id='word_1_307' title='bbox 1321 2225 1470 2271; x_wconf 79' lang='lat' dir='ltr'>captae</span> <span class='ocrx_word' id='word_1_308' title='bbox 1492 2225 1588 2271; x_wconf 77' lang='lat' dir='ltr'>post</span> <span class='ocrx_word' id='word_1_309' title='bbox 1627 2225 1816 2272; x_wconf 77' lang='lat' dir='ltr'>tempora</span> <span class='ocrx_word' id='word_1_310' title='bbox 1850 2224 1997 2264; x_wconf 81' lang='lat' dir='ltr'>Troiae</span> 
     </span>
     <span class='ocr_line' id='line_1_58' title="bbox 1118 2283 1998 2332; baseline 0.006 -11"><span class='ocrx_word' id='word_1_311' title='bbox 1118 2283 1196 2332; x_wconf 76' lang='lat' dir='ltr'>Qui</span> <span class='ocrx_word' id='word_1_312' title='bbox 1225 2294 1360 2323; x_wconf 86' lang='lat' dir='ltr'>mores</span> <span class='ocrx_word' id='word_1_313' title='bbox 1398 2284 1611 2323; x_wconf 82' lang='lat' dir='ltr'>hominum</span> <span class='ocrx_word' id='word_1_314' title='bbox 1639 2285 1867 2325; x_wconf 81' lang='lat' dir='ltr'>mullorum</span> <span class='ocrx_word' id='word_1_315' title='bbox 1894 2288 1998 2326; x_wconf 79' lang='lat' dir='ltr'>vidit</span> 
     </span>
     <span class='ocr_line' id='line_1_59' title="bbox 1114 2344 1999 2398; baseline 0.005 -14"><span class='ocrx_word' id='word_1_316' title='bbox 1114 2349 1151 2384; x_wconf 82' lang='lat' dir='ltr'>et</span> <span class='ocrx_word' id='word_1_317' title='bbox 1179 2344 1314 2384; x_wconf 80' lang='lat' dir='ltr'>urbes.</span> <span class='ocrx_word' id='word_1_318' title='bbox 1343 2368 1387 2373; x_wconf 91' lang='lat'>—-</span> <span class='ocrx_word' id='word_1_319' title='bbox 1413 2346 1631 2397; x_wconf 77' lang='lat' dir='ltr'>providus]</span> <span class='ocrx_word' id='word_1_320' title='bbox 1661 2347 1905 2398; x_wconf 89' lang='lat' dir='ltr'>respondet</span> <span class='ocrx_word' id='word_1_321' title='bbox 1924 2347 1999 2388; x_wconf 87' lang='lat' dir='ltr'>ali-</span> 
     </span>
     <span class='ocr_line' id='line_1_60' title="bbox 1114 2405 1992 2464; baseline 0.005 -19"><span class='ocrx_word' id='word_1_322' title='bbox 1114 2408 1333 2457; x_wconf 84' lang='lat' dir='ltr'>quatenus</span> <span class='ocrx_word' id='word_1_323' title='bbox 1363 2407 1582 2447; x_wconf 81' lang='lat' dir='ltr'>vocabulo</span> <span class='ocrx_word' id='word_1_324' title='bbox 1604 2405 1919 2464; x_wconf 70' lang='grc' dir='ltr'><em>πολύτροπος.</em></span> <span class='ocrx_word' id='word_1_325' title='bbox 1948 2433 1992 2438; x_wconf 87' lang='grc'><strong>-</strong></span> 
     </span>
     <span class='ocr_line' id='line_1_61' title="bbox 1112 2466 1992 2525; baseline 0.003 -17"><span class='ocrx_word' id='word_1_326' title='bbox 1112 2470 1165 2509; x_wconf 83' lang='lat' dir='ltr'>Et</span> <span class='ocrx_word' id='word_1_327' title='bbox 1193 2481 1328 2509; x_wconf 86' lang='lat' dir='ltr'>mores</span> <span class='ocrx_word' id='word_1_328' title='bbox 1348 2491 1371 2497; x_wconf 91' lang='lat'>-</span> <span class='ocrx_word' id='word_1_329' title='bbox 1390 2470 1585 2520; x_wconf 66' lang='lat' dir='ltr'>inspexit]</span> <span class='ocrx_word' id='word_1_330' title='bbox 1618 2471 1699 2510; x_wconf 81' lang='grc' dir='ltr'>καὶ</span> <span class='ocrx_word' id='word_1_331' title='bbox 1720 2467 1836 2510; x_wconf 88' lang='grc' dir='ltr'>νόον</span> <span class='ocrx_word' id='word_1_332' title='bbox 1857 2466 1992 2525; x_wconf 72' lang='grc' dir='ltr'><em>ἔγνω.</em></span> 
     </span>
     <span class='ocr_line' id='line_1_62' title="bbox 1113 2531 1995 2584; baseline 0.005 -13"><span class='ocrx_word' id='word_1_333' title='bbox 1113 2534 1208 2571; x_wconf 89' lang='lat' dir='ltr'>Non</span> <span class='ocrx_word' id='word_1_334' title='bbox 1247 2534 1314 2572; x_wconf 92' lang='lat' dir='ltr'>est</span> <span class='ocrx_word' id='word_1_335' title='bbox 1351 2531 1611 2584; x_wconf 84' lang='lat' dir='ltr'>simpliciter</span> <span class='ocrx_word' id='word_1_336' title='bbox 1651 2533 1880 2584; x_wconf 83' lang='lat' dir='ltr'>«videre,»</span> <span class='ocrx_word' id='word_1_337' title='bbox 1913 2535 1995 2575; x_wconf 90' lang='lat' dir='ltr'>sed</span> 
     </span>
     <span class='ocr_line' id='line_1_63' title="bbox 1115 2595 1989 2645; baseline 0.003 -12"><span class='ocrx_word' id='word_1_338' title='bbox 1115 2605 1412 2645; x_wconf 81' lang='lat' dir='ltr'>«cognoscere</span> <span class='ocrx_word' id='word_1_339' title='bbox 1456 2595 1589 2645; x_wconf 86' lang='lat' dir='ltr'>atque</span> <span class='ocrx_word' id='word_1_340' title='bbox 1635 2598 1842 2635; x_wconf 87' lang='lat' dir='ltr'>accurate</span> <span class='ocrx_word' id='word_1_341' title='bbox 1888 2607 1989 2636; x_wconf 82' lang='lat' dir='ltr'>exa-</span> 
     </span>
     <span class='ocr_line' id='line_1_64' title="bbox 1113 2657 1990 2710; baseline 0.002 -14"><span class='ocrx_word' id='word_1_342' title='bbox 1113 2658 1331 2697; x_wconf 86' lang='lat' dir='ltr'>minare.»</span> <span class='ocrx_word' id='word_1_343' title='bbox 1368 2680 1413 2685; x_wconf 92' lang='lat'>—</span> <span class='ocrx_word' id='word_1_344' title='bbox 1447 2657 1660 2707; x_wconf 77' lang='lat' dir='ltr'>latumque</span> <span class='ocrx_word' id='word_1_345' title='bbox 1696 2670 1776 2708; x_wconf 79' lang='lat' dir='ltr'>per</span> <span class='ocrx_word' id='word_1_346' title='bbox 1819 2659 1990 2710; x_wconf 80' lang='lat' dir='ltr'>aequor]</span> 
     </span>
     <span class='ocr_line' id='line_1_65' title="bbox 1113 2713 1993 2776; baseline 0.003 -17"><span class='ocrx_word' id='word_1_347' title='bbox 1113 2718 1183 2759; x_wconf 77' lang='grc' dir='ltr'>ἐπ’</span> <span class='ocrx_word' id='word_1_348' title='bbox 1203 2713 1344 2776; x_wconf 76' lang='grc' dir='ltr'><em>εὐρέα</em></span> <span class='ocrx_word' id='word_1_349' title='bbox 1364 2716 1492 2759; x_wconf 74' lang='grc' dir='ltr'><em>νῶτα</em></span> <span class='ocrx_word' id='word_1_350' title='bbox 1511 2718 1782 2774; x_wconf 75' lang='grc' dir='ltr'><em>θαλάσσης.</em></span> <span class='ocrx_word' id='word_1_351' title='bbox 1811 2745 1856 2749; x_wconf 93' lang='grc'><strong>-</strong></span> <span class='ocrx_word' id='word_1_352' title='bbox 1878 2723 1993 2762; x_wconf 85' lang='lat' dir='ltr'>Dum</span> 
     </span>
     <span class='ocr_line' id='line_1_66' title="bbox 1111 2777 1993 2839; baseline 0.003 -18"><span class='ocrx_word' id='word_1_353' title='bbox 1111 2782 1186 2821; x_wconf 87' lang='lat' dir='ltr'>sibi</span> <span class='ocrx_word' id='word_1_354' title='bbox 1217 2783 1320 2834; x_wconf 71' lang='lat' dir='ltr'>cet]</span> <span class='ocrx_word' id='word_1_355' title='bbox 1348 2777 1629 2839; x_wconf 76' lang='grc' dir='ltr'><em>Ἀρνύμενος</em></span> <span class='ocrx_word' id='word_1_356' title='bbox 1659 2778 1720 2836; x_wconf 76' lang='grc' dir='ltr'>ἧν</span> <span class='ocrx_word' id='word_1_357' title='bbox 1749 2795 1798 2824; x_wconf 83' lang='grc' dir='ltr'>τε</span> <span class='ocrx_word' id='word_1_358' title='bbox 1819 2780 1993 2837; x_wconf 77' lang='grc' dir='ltr'><em>ψυχὴν</em></span> 
     </span>
     <span class='ocr_line' id='line_1_67' title="bbox 1111 2842 1994 2902; baseline 0.002 -18"><span class='ocrx_word' id='word_1_359' title='bbox 1111 2845 1191 2884; x_wconf 78' lang='grc' dir='ltr'>καὶ</span> <span class='ocrx_word' id='word_1_360' title='bbox 1221 2842 1398 2884; x_wconf 88' lang='grc' dir='ltr'><em>νόστον</em></span> <span class='ocrx_word' id='word_1_361' title='bbox 1419 2844 1633 2902; x_wconf 81' lang='grc' dir='ltr'><em>ἑταίρων.</em></span> <span class='ocrx_word' id='word_1_362' title='bbox 1657 2870 1702 2874; x_wconf 93' lang='grc'><strong>-</strong></span> <span class='ocrx_word' id='word_1_363' title='bbox 1721 2857 1874 2896; x_wconf 82' lang='lat' dir='ltr'>aspera</span> <span class='ocrx_word' id='word_1_364' title='bbox 1887 2847 1994 2886; x_wconf 83' lang='lat' dir='ltr'>mul-</span> 
     </span>
     <span class='ocr_line' id='line_1_68' title="bbox 1109 2901 1991 2962; baseline 0.002 -16"><span class='ocrx_word' id='word_1_365' title='bbox 1109 2911 1154 2946; x_wconf 81' lang='lat' dir='ltr'>ta</span> <span class='ocrx_word' id='word_1_366' title='bbox 1190 2908 1376 2959; x_wconf 80' lang='lat' dir='ltr'>Pertulit]</span> <span class='ocrx_word' id='word_1_367' title='bbox 1417 2904 1569 2947; x_wconf 75' lang='grc' dir='ltr'><em>πολλὰ</em></span> <span class='ocrx_word' id='word_1_368' title='bbox 1608 2906 1646 2947; x_wconf 78' lang='grc' dir='ltr'>δ’</span> <span class='ocrx_word' id='word_1_369' title='bbox 1674 2901 1744 2962; x_wconf 75' lang='grc' dir='ltr'>ὅγ’</span> <span class='ocrx_word' id='word_1_370' title='bbox 1785 2907 1836 2949; x_wconf 80' lang='grc' dir='ltr'>ἐν</span> <span class='ocrx_word' id='word_1_371' title='bbox 1874 2905 1991 2948; x_wconf 82' lang='grc' dir='ltr'><em>πόν-</em></span> 
     </span>
     <span class='ocr_line' id='line_1_69' title="bbox 1109 2964 1989 3025; baseline 0.001 -16"><span class='ocrx_word' id='word_1_372' title='bbox 1109 2981 1173 3023; x_wconf 80' lang='grc' dir='ltr'>τῳ</span> <span class='ocrx_word' id='word_1_373' title='bbox 1218 2966 1372 3009; x_wconf 77' lang='grc' dir='ltr'><em>πάθεν</em></span> <span class='ocrx_word' id='word_1_374' title='bbox 1405 2964 1566 3025; x_wconf 75' lang='grc' dir='ltr'><em>ἄλγεα.</em></span> <span class='ocrx_word' id='word_1_375' title='bbox 1604 2995 1648 3000; x_wconf 92' lang='grc'><strong>-</strong></span> <span class='ocrx_word' id='word_1_376' title='bbox 1685 2971 1989 3022; x_wconf 83' lang='lat' dir='ltr'>immersabilis]</span> 
     </span>
     <span class='ocr_line' id='line_1_70' title="bbox 1112 3033 1990 3085; baseline 0.006 -17"><span class='ocrx_word' id='word_1_377' title='bbox 1112 3043 1274 3083; x_wconf 90' lang='lat' dir='ltr'>«quem</span> <span class='ocrx_word' id='word_1_378' title='bbox 1313 3043 1386 3072; x_wconf 91' lang='lat' dir='ltr'>res</span> <span class='ocrx_word' id='word_1_379' title='bbox 1424 3033 1640 3073; x_wconf 86' lang='lat' dir='ltr'>adversae</span> <span class='ocrx_word' id='word_1_380' title='bbox 1682 3034 1918 3085; x_wconf 71' lang='lat' dir='ltr'>demerqere</span> <span class='ocrx_word' id='word_1_381' title='bbox 1945 3034 1990 3073; x_wconf 92' lang='lat' dir='ltr'>in</span> 
     </span>
     <span class='ocr_line' id='line_1_71' title="bbox 1108 3091 1990 3153; baseline 0.001 -19"><span class='ocrx_word' id='word_1_382' title='bbox 1108 3092 1426 3152; x_wconf 78' lang='grc' dir='ltr'><em>δυσχείμερόν</em></span> <span class='ocrx_word' id='word_1_383' title='bbox 1468 3107 1521 3149; x_wconf 73' lang='grc' dir='ltr'>γε</span> <span class='ocrx_word' id='word_1_384' title='bbox 1558 3094 1764 3150; x_wconf 74' lang='grc' dir='ltr'>πέλαγος</span> <span class='ocrx_word' id='word_1_385' title='bbox 1806 3091 1990 3153; x_wconf 77' lang='grc' dir='ltr'><em>ἀτηρᾶς</em></span> 
     </span>
     <span class='ocr_line' id='line_1_72' title="bbox 1108 3153 1989 3210; baseline 0.001 -13"><span class='ocrx_word' id='word_1_386' title='bbox 1108 3153 1227 3210; x_wconf 79' lang='grc' dir='ltr'><em>δύης</em></span> <span class='ocrx_word' id='word_1_387' title='bbox 1258 3156 1476 3208; x_wconf 86' lang='lat' dir='ltr'>(Aeschyl.</span> <span class='ocrx_word' id='word_1_388' title='bbox 1502 3160 1648 3198; x_wconf 90' lang='lat' dir='ltr'>Prom.</span> <span class='ocrx_word' id='word_1_389' title='bbox 1672 3158 1802 3209; x_wconf 84' lang='lat'>746.),</span> <span class='ocrx_word' id='word_1_390' title='bbox 1835 3159 1989 3210; x_wconf 90' lang='lat' dir='ltr'>oppri—</span> 
     </span>
     <span class='ocr_line' id='line_1_73' title="bbox 1108 3219 1983 3272; baseline 0.001 -13"><span class='ocrx_word' id='word_1_391' title='bbox 1108 3231 1233 3260; x_wconf 88' lang='lat' dir='ltr'>mere</span> <span class='ocrx_word' id='word_1_392' title='bbox 1254 3231 1484 3271; x_wconf 83' lang='lat' dir='ltr'>nunquam</span> <span class='ocrx_word' id='word_1_393' title='bbox 1514 3222 1795 3272; x_wconf 87' lang='lat' dir='ltr'>potuerunt.»</span> <span class='ocrx_word' id='word_1_394' title='bbox 1840 3220 1919 3260; x_wconf 92' lang='lat' dir='ltr'>Od.</span> <span class='ocrx_word' id='word_1_395' title='bbox 1943 3219 1983 3269; x_wconf 84' lang='lat'>4,</span> 
     </span>
     <span class='ocr_line' id='line_1_74' title="bbox 1109 3281 1987 3333; baseline -0.005 -10"><span class='ocrx_word' id='word_1_396' title='bbox 1109 3282 1160 3331; x_wconf 83' lang='lat'>4,</span> <span class='ocrx_word' id='word_1_397' title='bbox 1194 3282 1268 3321; x_wconf 80' lang='lat'>65:</span> <span class='ocrx_word' id='word_1_398' title='bbox 1318 3283 1473 3322; x_wconf 83' lang='lat' dir='ltr'>Merses</span> <span class='ocrx_word' id='word_1_399' title='bbox 1495 3283 1731 3333; x_wconf 74' lang='lat' dir='ltr'>profundo:</span> <span class='ocrx_word' id='word_1_400' title='bbox 1769 3281 1987 3331; x_wconf 81' lang='lat' dir='ltr'>pulchrior</span> 
     </span>
     <span class='ocr_line' id='line_1_75' title="bbox 1108 3339 1985 3395; baseline -0.002 -11"><span class='ocrx_word' id='word_1_401' title='bbox 1108 3344 1232 3384; x_wconf 70' lang='lat' dir='ltr'>exiet.</span> <span class='ocrx_word' id='word_1_402' title='bbox 1282 3342 1405 3382; x_wconf 91' lang='lat' dir='ltr'>Pind.</span> <span class='ocrx_word' id='word_1_403' title='bbox 1430 3344 1557 3395; x_wconf 87' lang='lat' dir='ltr'>Pyth.</span> <span class='ocrx_word' id='word_1_404' title='bbox 1581 3345 1626 3392; x_wconf 64' lang='grc' dir='ltr'>Ξ,</span> <span class='ocrx_word' id='word_1_405' title='bbox 1660 3344 1734 3384; x_wconf 88' lang='grc'>80;</span> <span class='ocrx_word' id='word_1_406' title='bbox 1779 3339 1985 3391; x_wconf 79' lang='grc' dir='ltr'><em>ἀβάπτι-</em></span> 
     </span>
     <span class='ocr_line' id='line_1_76' title="bbox 1112 3398 1982 3461; baseline -0.002 -16"><span class='ocrx_word' id='word_1_407' title='bbox 1112 3403 1227 3455; x_wconf 87' lang='grc' dir='ltr'><em>στός</em></span> <span class='ocrx_word' id='word_1_408' title='bbox 1256 3406 1375 3457; x_wconf 80' lang='grc' dir='ltr'><em>εἰμι,</em></span> <span class='ocrx_word' id='word_1_409' title='bbox 1408 3402 1585 3455; x_wconf 79' lang='grc' dir='ltr'><strong><em>φελλὸς</em></strong></span> <span class='ocrx_word' id='word_1_410' title='bbox 1604 3400 1669 3454; x_wconf 76' lang='grc' dir='ltr'>ὥς</span> <span class='ocrx_word' id='word_1_411' title='bbox 1690 3400 1808 3460; x_wconf 76' lang='grc' dir='ltr'><em>ὑπὲρ</em></span> <span class='ocrx_word' id='word_1_412' title='bbox 1828 3398 1982 3461; x_wconf 75' lang='grc' dir='ltr'>ἕρκος,</span> 
     </span>
     <span class='ocr_line' id='line_1_77' title="bbox 1110 3460 1985 3520; baseline -0.001 -14"><span class='ocrx_word' id='word_1_413' title='bbox 1110 3460 1282 3520; x_wconf 82' lang='grc' dir='ltr'><em>ἅλμας.</em></span> <span class='ocrx_word' id='word_1_414' title='bbox 1327 3466 1517 3507; x_wconf 91' lang='lat' dir='ltr'>Achilles</span> <span class='ocrx_word' id='word_1_415' title='bbox 1547 3468 1639 3506; x_wconf 87' lang='lat' dir='ltr'>Tat.</span> <span class='ocrx_word' id='word_1_416' title='bbox 1669 3466 1708 3505; x_wconf 91' lang='lat'>3.</span> <span class='ocrx_word' id='word_1_417' title='bbox 1741 3477 1784 3517; x_wconf 94' lang='lat' dir='ltr'>p.</span> <span class='ocrx_word' id='word_1_418' title='bbox 1816 3466 1881 3506; x_wconf 90' lang='lat'>68.</span> <span class='ocrx_word' id='word_1_419' title='bbox 1913 3467 1985 3506; x_wconf 89' lang='lat' dir='ltr'>Ia-</span> 
     </span>
    </p>
   </div>
   <div class='ocr_carea' id='block_1_14' title="bbox 164 3524 1980 3580">
    <p class='ocr_par' dir='ltr' id='par_1_15' title="bbox 164 3524 1980 3580">
     <span class='ocr_line' id='line_1_78' title="bbox 164 3524 1980 3580; baseline 0.002 -16"><span class='ocrx_word' id='word_1_420' title='bbox 164 3526 231 3565; x_wconf 86' lang='lat' dir='ltr'>tra</span> <span class='ocrx_word' id='word_1_421' title='bbox 246 3526 436 3577; x_wconf 90' lang='lat' dir='ltr'>optimos</span> <span class='ocrx_word' id='word_1_422' title='bbox 453 3526 592 3566; x_wconf 91' lang='lat' dir='ltr'>Codd.</span> <span class='ocrx_word' id='word_1_423' title='bbox 611 3525 773 3566; x_wconf 90' lang='lat' dir='ltr'>intrudi</span> <span class='ocrx_word' id='word_1_424' title='bbox 794 3538 817 3566; x_wconf 89' lang='lat' dir='ltr'>a</span> <span class='ocrx_word' id='word_1_425' title='bbox 839 3526 1036 3568; x_wconf 84' lang='lat' dir='ltr'>Bentleio</span> <span class='ocrx_word' id='word_1_426' title='bbox 1113 3529 1243 3569; x_wconf 90' lang='lat' dir='ltr'>cobs:</span> <span class='ocrx_word' id='word_1_427' title='bbox 1267 3525 1439 3580; x_wconf 77' lang='grc' dir='ltr'><em>πλήθει</em></span> <span class='ocrx_word' id='word_1_428' title='bbox 1457 3524 1784 3579; x_wconf 81' lang='grc' dir='ltr'><em>βαπτισθῆναι</em></span> <span class='ocrx_word' id='word_1_429' title='bbox 1804 3525 1980 3569; x_wconf 79' lang='grc' dir='ltr'><em>κακῶν.</em></span> 
     </span>
    </p>
   </div>
  </div>
 </body>
</html>
