2231 3787
813 318 910 356 LlB.
949 318 975 355 l.

1041 317 1200 357 lil’lsT.
1239 319 1265 355 1.
1853 316 1955 366 :309

208 449 366 502 Solve
407 458 779 503 senescentem
820 457 1025 501 mature
1067 465 1228 500 sanus
1269 465 1492 519 equum.
1537 465 1603 499 ne

209 554 401 605 l'eccet
440 552 506 605 ad
546 560 844 606 extremum
884 550 1142 604 ridendus
1183 559 1234 604 ct
1276 550 1361 602 ilia
1402 550 1576 604 ducat.

209 654 357 707 Nunc
399 653 577 724 itaque
618 663 670 706 et
708 671 898 706 versus
938 661 990 706 et
1030 661 1210 706 cetera
1248 652 1453 706 ludicra
1492 670 1661 723 pono,
1905 652 1961 703 lt)

253 806 316 844 40.
352 805 559 845 Excisum
591 807 655 844 est
689 802 839 844 solium
872 816 894 843 e
927 805 1034 844 (ἶοιί.
1071 815 1093 843 c
1142 806 1243 856 post
1272 815 1311 843 v,
1349 804 1413 842 40.
1448 814 1589 854 usque
1622 803 1676 841 ad
1708 815 1747 841 v.
1783 805 1849 842 239.

138 942 224 983 que
284 929 617 970 consuetudinis
677 933 771 969 erat
824 931 1015 969 stantem

138 993 428 1044 gladiatorem
493 996 645 1045 petere
706 993 1016 1032 missionem.»

139 1054 274 1095 Aliter
304 1055 508 1106 quidem,
543 1055 622 1094 sed
654 1055 723 1093 vix
754 1056 899 1103 recte,
942 1066 1020 1093 ex-

138 1119 259 1170 ponit
290 1119 503 1157 Diintzer:

137 1182 370 1234 pristinam
401 1179 584 1232 gloriam
624 1181 847 1219 amitteret.
885 1182 1018 1230 atque

137 1243 299 1296 populo
331 1243 457 1283 fieret
494 1242 706 1289 ludibrio,
757 1243 884 1282 toties
916 1253 1018 1281 cum

137 1308 272 1346 vitam
312 1306 367 1345 ab
408 1317 461 1346 eo
493 1308 740 1345 exoraret.»
806 1304 868 1345 Cf.
909 1306 1017 1356 Epp.

181 1401 188 1418 ,
224 1369 295 1418 48,
330 1368 396 1408 66.

557 1129 637 1157 «ne
677 1115 892 1156 invalidus
935 1117 1019 1156 iam

193 1496 285 1536 7-9.
318 1496 391 1535 Est
419 1495 519 1534 mihi
550 1495 652 1547 cet.]
686 1494 844 1546 Optimi
883 1495 1022 1533 inter-

140 1562 290 1612 pretes
336 1562 438 1600 sunt
481 1560 658 1599 Persius
702 1560 749 1606 5,
797 1558 876 1598 96:
929 1559 1022 1597 Stat

138 1627 286 1662 contra
319 1623 431 1662 ratio
471 1627 509 1662 et
545 1626 747 1662 secretam
787 1622 936 1673 gannit
979 1622 1022 1660 in

139 1698 307 1736 aurem,
341 1686 499 1727 leviter
531 1687 769 1726 imitatione
793 1687 1020 1725 invertens

140 1751 427 1790 Horatianum
478 1753 699 1799 personet,
759 1747 1020 1788 Plutarchus

141 1808 260 1869 πρὸς
308 1806 527 1866 ἡγεμόνα
573 1806 863 1851 ἀπαίδευτον
913 1812 1018 1862 Cap.

143 1875 188 1924 3,
235 1877 289 1915 ⁶3:
354 1873 439 1916 τοῦ
501 1872 881 1927 πεπαιδευμένου
939 1873 1022 1913 καὶ

144 1936 517 1995 σωφρονοῦντος
588 1933 828 1994 ἄρχοντος
888 1934 1022 1987 ἐντός

140 2000 269 2041 ἐστιν
314 1999 340 2041 ὁ
384 1999 529 2042 τοῦτο
569 2000 904 2054 φθεγγόαενος
947 1994 1023 2039 ἀει

142 2064 223 2103 καὶ
274 2062 721 2121 παρακελευόιιενος
776 2057 1023 2116 (ῗιιψυχος

142 2121 210 2166 ὧν
254 2125 306 2166 ἐν
350 2122 479 2179 αὐτῷ
531 2123 709 2180 λόγος).
779 2128 887 2166 Nos:
944 2128 1025 2167 (lie

141 2189 320 2228 innere
373 2190 585 2228 Stimme
636 2190 721 2228 cles
773 2190 1020 2239 Rechten,

143 2252 356 2291 Kantiano
402 2262 636 2299 sermone,
693 2252 778 2291 der
820 2252 1024 2302 kategyo—

141 2314 310 2353 rische
352 2313 647 2362 [inperativ.
707 2336 747 2343 -
803 2315 1021 2366 personet]

142 2376 306 2421 active,
359 2377 407 2414 ut.
451 2375 539 2415 Cic.
585 2374 640 2414 ad
686 2376 805 2415 Fam.
844 2376 889 2425 6,
946 2376 1020 2425 48,

143 2437 192 2477 li:
240 2439 326 2477 iam
356 2442 493 2477 tamen
523 2449 755 2487 personare
785 2450 910 2478 aures
939 2439 1026 2477 eius

142 2499 375 2539 huiusmodi
416 2500 583 2539 ‘vocibus
624 2512 707 2540 non
750 2504 807 2540 est
854 2501 1020 2549 inutile,

143 2562 264 2613 quod
294 2562 441 2602 firmat
483 2563 633 2603 Codex
664 2563 910 2612 Mediceus,
944 2564 1025 2604 etsi

144 2628 393 2677 corruptus.
446 2626 562 2676 Virg.
586 2628 694 2666 Aen.
720 2626 768 2675 6,
794 2626 897 2666 447:
931 2626 1026 2666 Cer-

144 2687 264 2728 berus
290 2689 391 2728 haec
419 2689 564 2740 ingens
593 2690 754 2728 latratu,
782 2700 913 2740 ressna
944 2689 1024 2728 tri—

142 2751 257 2800 fauci
284 2751 496 2790 Personat.
533 2772 576 2779 -
612 2756 849 2803 purqatam
868 2773 886 2780 —
905 2774 923 2780 -
943 2763 1025 2791 au—

143 2813 246 2865 rem]
269 2814 372 2852 Erat
389 2812 512 2853 velut
530 2813 823 2865 proverbium
844 2813 899 2854 de
921 2825 1025 2866 pur-

145 2876 254 2925 gatis
287 2876 581 2926 (etiam‘aceto
604 2879 726 2917 Pers.
751 2878 795 2925 5,
829 2877 913 2928 86.)
943 2888 1024 2916 au—

145 2936 283 2977 ribus.
343 2937 479 2978 Plaut.
517 2938 602 2979 Mil.
641 2938 694 2990 gl.
734 2939 780 2988 3,
824 2941 869 2989 4,
919 2940 1020 2979 479ῑ

149 2998 232 3038 Tibi
255 3001 529 3051 perpurqatis
548 3013 720 3051 operam
740 3002 930 3042 dabimus
950 3015 1026 3042 au-

144 3060 273 3100 ribus.
311 3084 355 3089 —
398 3062 530 3114 Solve]
577 3064 645 3103 «Si
689 3065 809 3116 sapIs
854 3065 1021 3117 (sanus,

146 3124 311 3173 ut·Sat.
337 3124 382 3172 4,
414 3125 461 3173 5,
494 3124 595 3175 44.),
631 3125 820 3177 deiunge
851 3128 894 3167 in
923 3139 1026 3179 per-

148 3187 335 3236 petuum
366 3197 391 3225 a
422 3197 555 3226 curru
587 3197 752 3237 equum
783 3199 1026 3229 senescen-

148 3248 242 3287 tem
269 3248 640 3299 vacationemque
672 3250 711 3288 ei
742 3249 797 3289 da
827 3250 883 3290 ab
906 3251 1025 3291 omni

149 3319 284 3360 opere
315 3320 367 3349 ac
395 3308 586 3350 liberum
607 3303 813 3363 (ἄνετον)
835 3313 929 3351 sine
951 3323 1027 3364 pa-

150 3371 236 3421 sci,
277 3371 353 3412 ubi
388 3371 522 3412 volt.»
572 3374 762 3424 Antiqua
793 3375 860 3413 est
901 3385 1026 3413 com—

148 3434 334 3482 paratio
394 3434 557 3485 Ibycus
589 3436 656 3475 Fr
687 3437 727 3475 2.
751 3435 1023 3476 Schneidew.

151 3504 195 3544 p.
216 3494 289 3534 95:
312 3489 459 3536 ‘ssave
489 3498 747 3555 φερέζυγος
776 3497 918 3548 ibt-tog
951 3492 1028 3536 οἶε-

151 3553 398 3614 fflffocp69og
440 3561 549 3600 ποτὶ
590 3558 714 3617 γήρα
741 3557 906 3600 Αέκονη
937 3573 1026 3599 mv

297 3634 447 3671 Homr.
475 3646 565 3673 v..01
596 3639 638 3673 ll.
693 3648 756 3673 Ep.
786 3647 869 3673 mu.
901 3637 960 3672 lll.

1085 924 1261 978 &ze-acsi
1316 930 1452 979 θοοῖς
1501 928 1550 979 ἐς
1598 922 1805 981 ἅμιλλαν
1853 923 1960 978 ἔβα.

1085 994 1248 1032 Ennius
1278 992 1397 1043 apud
1429 993 1517 1031 Cic.
1553 993 1646 1032 Cat.
1677 994 1779 1032 mai.
1804 994 1851 1042 5,
1888 993 1959 1034 44·;

1084 1056 1197 1095 Sicu!
1226 1056 1348 1106 s'orlis
1378 1066 1525 1105 equus,
1572 1057 1706 1105 spalio
1738 1057 1808 1105 qui
1846 1067 1967 1105 saepe

1083 1130 1276 1168 supremo
1312 1118 1413 1156 l'icit
1454 1118 1669 1167 Olympia,
1716 1131 1825 1158 nunc
1854 1120 1966 1158 senio

1083 1182 1281 1231 confecta¹
1315 1181 1498 1230 (luiescit.
1563 1181 1716 1221 Crates
1739 1181 1856 1232 apud
1889 1183 1966 1221 Ze-

1085 1243 1268 1283 nobium
1300 1243 1349 1292 4,
1383 1242 1427 1283 41
1454 1255 1460 1282 ζ
1495 1236 1641 1296 Ἵππῳ
1672 1241 1963 1299 γηράσκοντι

1086 1303 1144 1347 τὰ
1173 1307 1349 1359 μείονα
1379 1302 1510 1345 κύκλ’
1540 1305 1779 1354 ἐπίβαλλε.
1841 1309 1963 1347 Ovid.

1085 1371 1210 1411 Trist.
1237 1369 1283 1419 4,
1318 1370 1364 1418 8,
1399 1370 1471 1409 49:
1512 1371 1573 1409 Ne
1594 1372 1721 1409 cadat
1749 1376 1785 1410 et
1816 1372 1970 1411 multas

1081 1434 1249 1484 palmas
1281 1433 1505 1472 inhonestet
1535 1434 1729 1483 adeptas,
1778 1435 1968 1485 Langui-

1086 1498 1162 1536 dus
1191 1497 1235 1535 in
1261 1496 1399 1544 pratis
1426 1497 1628 1547 ¹qramina
1657 1497 1796 1546 carpit
1825 1508 1965 1545 equus

1089 1583 1133 1587 -
1169 1571 1218 1598 ne
1246 1560 1399 1609 I'eccet]
1432 1570 1513 1599 «ne
1545 1560 1755 1599 continuo
1786 1561 1829 1599 in
1865 1571 1968 1600 saxa

1087 1622 1299 1674 impingat
1329 1624 1405 1661 aut
1434 1622 1557 1661 humi
1587 1620 1870 1673 prolabatur,
1912 1623 1969 1662 ita

1086 1687 1134 1724 ut
1169 1684 1363 1724 eundem
1408 1683 1553 1733 illum,
1601 1686 1726 1724 cuius
1769 1685 1969 1735 vigorem

1087 1759 1138 1787 ae
1166 1746 1449 1787 velocitatem
1490 1746 1595 1787 olim
1626 1758 1783 1787 omnes
1826 1747 1971 1787 admi-

1087 1810 1322 1859 rabantur,
1389 1812 1618 1861 postremo
1678 1809 1966 1849 derideant.»

1087 1872 1166 1913 Alii
1198 1875 1446 1924 exponunt:
1496 1873 1747 1920 «vincatur,
1797 1883 1849 1912 eo
1881 1883 1968 1923 quo

1087 1935 1192 1975 velit
1222 1947 1310 1975 non
1340 1935 1616 1987 perveniat.»
1643 1959 1687 1963 —
1721 1936 1798 1974 ilia
1829 1935 1967 1986 ducat]

1089 2010 1246 2050 «aegre
1279 1999 1482 2050 spiritum
1513 1998 1667 2047 ducat,
1710 1998 1971 2049 frequenter

1087 2061 1309 2102 anhelet.»
1342 2062 1459 2112 Virg.
1486 2062 1562 2101 Ge.
1589 2061 1634 2111 3,
1669 2062 1769 2101 506:
1804 2063 1973 2112 imaque

1087 2125 1208 2176 lonqo
1238 2125 1318 2163 Ilia
1346 2123 1530 2175 sinqulczi
1563 2125 1747 2163 tendunt.
1800 2126 1966 2165 Lucan.

1087 2187 1134 2236 4,
1160 2187 1263 2227 756:
1297 2189 1471 2227 Pectora
1489 2198 1626 2226 rauca
1645 2191 1837 2238 yemwzt,
1862 2199 1971 2237 quae

1087 2250 1229 2290 creber
1268 2251 1472 2289 cmhelitus
1507 2254 1678 2301 ici'qztet,
1724 2251 1777 2289 Et
1815 2251 1972 2301 defecc'a

1087 2313 1233 2364 mavis
1261 2313 1380 2363 longe
1401 2313 1530 2351 trahit
1559 2312 1635 2350 ilia
1657 2312 1817 2361 pulsas.
1862 2311 1968 2351 Plin.

1088 2376 1138 2414 ΙΙ.
1163 2376 1213 2414 N.
1238 2374 1314 2423 026,
1350 2375 1422 2413 45:
1461 2374 1710 2413 Verbascum
1729 2397 1751 2402 —
1771 2397 1793 2403 —
1814 2376 1973 2414 iumen-

1087 2439 1138 2477 tis
1152 2459 1170 2466 -
1185 2459 1202 2465 -
1222 2437 1298 2476 ilia
1318 2436 1574 2475 trahentibus
1593 2436 1835 2475 auxiliatur
1849 2441 1967 2486 potu.

1144 2500 1291 2540 40-42.
1324 2500 1446 2539 Nunc
1474 2499 1631 2552 itaque]
1663 2501 1726 2539 De
1754 2501 1971 2551 positione

1087 2562 1328 2616 particulae
1381 2563 1522 2612 itaque
1566 2561 1692 2602 Hand
1729 2563 1854 2603 Turs.
1901 2564 1970 2602 Ill.

1087 2637 1129 2678 p.
1173 2626 1275 2665 509:
1335 2625 1475 2664 «Livii
1525 2627 1749 2676 tempore,
1803 2627 1973 2677 prima-

1088 2688 1150 2727 ria
1173 2686 1493 2738 significatione
1516 2686 1786 2736 oblitterata,
1812 2690 1852 2727 et
1874 2699 1974 2739 par-

1088 2748 1218 2790 ticula
1240 2761 1321 2801 pro
1343 2750 1473 2801 igitur
1494 2751 1676 2802 accepta
1695 2782 1703 2799 ,
1731 2751 1971 2802 scriptores

1087 2813 1206 2853 haud
1257 2813 1574 2853 contemnendi
1624 2823 1725 2852 eam
1772 2813 1971 2853 secundo

1087 2875 1185 2916 loco
1226 2874 1295 2915 vel
1341 2876 1469 2915 tertio
1509 2887 1677 2927 ponere
1719 2885 1971 2915 consueve-

1088 2940 1230 2977 runt.»
1272 2961 1317 2966 —-
1347 2937 1511 2989 versus]
1537 2939 1732 2987 Festive,
1767 2938 1874 2978 dum
1897 2937 1974 2977 de·-

1086 3002 1209 3052 ponit
1249 3012 1432 3051 versus,
1478 3012 1639 3042 versus
1681 3012 1784 3041 cum
1824 3003 1969 3041 amico

1088 3064 1411 3111 communicat;
1459 3074 1511 3103 ac
1549 3075 1596 3103 re
1634 3075 1738 3104 vera
1771 3065 1967 3103 carmina

1087 3125 1250 3176 lyrica,
1285 3126 1367 3165 etsi
1398 3137 1486 3165 non
1516 3125 1674 3175 multa,
1716 3127 1849 3166 etiam
1870 3128 1971 3177 post

1087 3186 1304 3239 Epistolas
1335 3188 1522 3240 scriptas
1545 3189 1820 3240 composuit,
1855 3188 1967 3227 adeo

1089 3252 1158 3289 est
1187 3261 1312 3290 mera
1343 3250 1496 3290 ironia.
1549 3251 1657 3302 Epp.
1689 3251 1735 3299 2,
1781 3251 1825 3298 4,
1861 3250 1930 3287 411
1956 3261 1962 3286 ;

1086 3313 1177 3362 Ipse
1205 3324 1300 3364 690,
1334 3316 1404 3363 qui
1432 3313 1568 3352 nullos
1595 3325 1660 3352 me
1679 3314 1846 3364 affirmo
1866 3312 1969 3349 scri-

1089 3374 1181 3414 bere
1216 3387 1378 3425 versus,
1419 3376 1613 3415 Invenior
1650 3374 1812 3413 Parthis
1850 3384 1969 3412 men-

1089 3437 1248 3476 dacior.
1285 3459 1330 3465 -
1363 3438 1544 3487 ludicra]
1573 3447 1774 3484 amores,
1819 3435 1961 3482 iocos,

1090 3500 1289 3538 convivia
1320 3502 1405 3538 cet.
1456 3500 1563 3550 Epp.
1588 3499 1634 3546 2,
1667 3499 1714 3546 2,
1748 3498 1822 3536 55.
1866 3497 1965 3535 Sin.-

1087 3561 1188 3610 qula
1219 3562 1266 3599 (Ie
1294 3561 1409 3599 nobis
1439 3561 1539 3599 anni
1565 3561 1829 3609 praedantur
1862 3570 1965 3597 eure-

1587 3636 1652 3671 ,24
