2231 3787
899 248 993 288 LlB.
1030 250 1075 287 ll.

1138 250 1247 289 SAT.
1283 249 1349 288 IV.

290 382 641 450 Nequaquam
683 380 810 432 satis
853 381 901 431 in
944 398 1000 433 ΓΟ
1042 399 1145 433 una
1186 398 1506 434 consumere
1547 398 1756 438 Curam,

292 482 351 535 Ut
390 483 430 532 si
473 482 592 552 quis
635 481 804 534 solum
847 481 973 541 hoc,
1021 482 1155 534 mala
1197 500 1262 535 ne
1303 482 1405 534 sint
1446 483 1587 535 vina.
1634 483 1860 537 laboret.

289 583 442 647 Quali
487 583 767 653 perfundat
807 584 982 654 pisces
1023 601 1249 637 securus
1290 583 1445 636 olivo.

1964 588 2029 635 350

288 686 513 738 Massica
553 686 592 736 si
637 686 787 739 caelo
829 703 1102 756 suppones
1144 687 1264 738 vina
1305 703 1524 747 serene,

285 788 579 842 Nocturna,
622 788 665 840 si
707 787 836 858 quid
877 788 1041 840 crassi
1085 797 1190 848 cst,
1234 788 1541 841 tenuabitur
1579 806 1708 841 aura

286 889 345 941 Et
382 888 611 943 decedet
649 889 784 942 odor
824 890 1002 942 nervis
1044 890 1316 954 inimicus3
1357 899 1407 943 at
1447 889 1531 942 illa

288 992 554 1061 lntcgrum
596 991 824 1061 perdunt
862 990 966 1043 lino
1006 992 1183 1044 vitiata
1223 1009 1488 1062 saporem.

265 1169 361 1196 ram
392 1158 570 1208 Regius:
606 1161 703 1208 post
734 1169 772 1196 v.
807 1159 1086 1208 Nequaquam
1117 1158 1404 1197 inserendum
1435 1162 1491 1197 est
1524 1157 1589 1197 vel
1622 1157 1858 1208 legendum
1889 1162 1974 1201 Ne—

267 1231 481 1269 quaquam
524 1221 624 1258 satis
667 1224 724 1259 est
769 1221 807 1259 in
853 1232 940 1259 rem
968 1232 1099 1259 uuam
1130 1221 1334 1260 insumere
1363 1233 1511 1260 euram
1541 1222 1699 1261 suadet
1730 1223 1970 1272 Bentleius;

264 1285 364 1322 satis
393 1288 448 1322 es!
484 1294 527 1322 re
557 1284 680 1323 Voss.
719 1307 761 1312 —
798 1284 864 1322 54.
898 1295 1107 1333 supponas
1136 1282 1372 1330 bS,LCtFJ.
1408 1285 1470 1334 (Ut
1492 1296 1593 1333 nos,
1628 1296 1697 1336 cp,
1732 1287 1973 1336 «Equidem

266 1348 306 1386 in
352 1345 448 1397 plus
493 1346 652 1385 decem
702 1345 1031 1397 exemplaribus
1074 1357 1274 1396 suppones
1320 1347 1489 1395 inveni,

266 1407 637 1459 Magdalenensi.»
670 1409 838 1458 Bifixri..)

209 1559 387 1610 phyrio:
438 1558 694 1607 «Sapiens
723 1558 786 1596 hie
817 1569 840 1596 a
873 1568 1081 1607 sapore,

1542 1359 1750 1397 supponas
1795 1351 1834 1388 in
1881 1349 1972 1389 solo

1150 1569 1341 1608 quorum
1388 1559 1579 1598 inventio
1617 1557 1742 1609 longe
1774 1562 1920 1601 minus
1961 1563 2027 1602 in-

209 1634 286 1661 non
310 1633 337 1660 a.
356 1621 670 1670 sapienlia.»
722 1621 781 1659 Tu
817 1618 1004 1670 intellige
1028 1619 1082 1659 de
1150 1622 1261 1670 genii
1286 1622 1480 1671 requirit.
1509 1645 1553 1649 —
1577 1623 1690 1674 satis]
1719 1625 1830 1663 Sane
1854 1625 1895 1663 in
1918 1624 2028 1664 mul—

209 1695 282 1731 eo,
317 1684 390 1735 qui
422 1683 559 1733 ereyit
589 1687 747 1722 tenuem
778 1682 980 1721 rationem
1013 1693 1084 1721 sa—

202 1758 377 1796 porum,
421 1756 460 1784 v.
497 1745 579 1795 36.)
621 1756 707 1783 non
750 1746 916 1784 temere
967 1743 1080 1783 aliud

207 1809 368 1861 leporis
409 1808 596 1848 frustum
637 1806 793 1855 selis-ret
830 1807 909 1846 nisi
945 1818 1086 1845 armos

208 1870 553 1921 (schuttera),
602 1871 765 1921 quippe
812 1871 884 1920 qui
931 1871 1082 1921 optimi

207 1936 292 1975 sint
321 1933 533 1984 saporis.»
583 1934 728 1972 Acron
761 1934 803 1972 et
840 1933 920 1972 Fea
953 1931 1085 1983 expli-

207 1998 307 2036 cant
339 1994 566 2035 «lumbos»
607 1997 758 2034 contra
799 1994 1084 2035 consuetudi-

206 2070 309 2098 nem
340 2059 551 2097 Latinam.
614 2058 677 2097 Cf.
707 2058 794 2096 Sat.
826 2058 870 2106 2,
913 2057 960 2107 8,
1000 2057 1079 2096 89:

206 2122 258 2159 Et
286 2121 472 2169 leporum
502 2120 685 2168 az·olsoS‚
731 2124 777 2159 ut
818 2119 946 2159 multo
980 2131 1083 2159 sua-

204 2184 316 2225 vius.
350 2194 503 2221 armos.

262 2245 406 2285 4-0-4-8.
460 2256 565 2294 quae
609 2249 766 2284 natura
811 2245 920 2295 cet]
968 2256 1081 2296 «quo

206 2308 338 2348 modo
359 2308 638 2347 stomachum
661 2308 873 2355 afficiant,
898 2308 971 2358 qui
995 2307 1080 2346 cibi

206 2370 352 2418 facile,
382 2371 455 2420 qui
477 2369 710 2408 difficulter
731 2372 1078 2420 concoquantur,

206 2434 279 2484 qui
321 2444 405 2472 non
444 2431 564 2471 facile
596 2435 958 2482 corrumpantur,
1006 2432 1079 2482 qui

206 2495 274 2535 vel
306 2494 433 2536 simul
467 2497 509 2534 ct
540 2493 657 2534 alant
688 2496 731 2533 et
750 2496 951 2533 x‘cntrem
973 2493 1081 2533 mol-

203 2558 309 2598 liant
350 2556 418 2596 vel
461 2556 619 2596 leniter
656 2556 849 2595 eundem
889 2556 1080 2595 adstrin-

204 2622 348 2671 gant»,
382 2621 429 2658 ut
459 2618 670 2659 Celsianis
695 2615 933 2675 φράσεσιν
964 2621 1076 2657 utar.

203 2681 281 2722 Alii
327 2681 544 2733 explicant
585 2681 639 2720 de
679 2680 951 2732 singulorum
992 2681 1080 2719 ori-

204 2745 323 2795 gine3
371 2744 514 2783 minus
551 2746 672 2783 recte
710 2746 831 2795 puto.
871 2767 913 2771 —
947 2744 1077 2795 aetas]

207 2816 311 2857 «pro
358 2816 445 2856 qua
493 2816 595 2846 caro
639 2807 833 2846 tenerior
878 2805 947 2846 vel
991 2807 1077 2846 iam

205 2866 355 2906 durior
398 2867 510 2906 sacta
548 2866 773 2908 diversum
813 2869 854 2908 in
895 2868 1079 2908 modum

206 2930 458 2979 praeparari
478 2927 654 2978 debeat,
677 2932 724 2970 ut
745 2933 866 2970 recte
887 2931 930 2970 in
951 2941 1079 2970 men-

205 2990 264 3029 sis
286 2992 606 3041 apponantur.»
631 3014 676 3018 —
699 2991 801 3032 Ante
820 3004 955 3032 meum
976 2993 1080 3032 nulli

205 3050 308 3102 cet.]
354 3051 461 3090 Vide
490 3053 811 3101 Argumentum
845 3055 976 3094 huius
1007 3056 1079 3094 Sa-

205 3113 327 3152 tirae.
389 3111 594 3152 Similiter
635 3115 917 3156 Damoxenus
960 3116 1078 3167 apud

202 3175 360 3214 Athen.
385 3174 429 3223 3,
465 3175 530 3213 60.
567 3185 761 3225 coquum
791 3177 957 3217 inducit
994 3190 1078 3230 pe-

205 3237 462 3277 ritissimum
500 3236 726 3276 doctrinae
768 3239 811 3277 et
847 3240 1078 3279 Democri-

205 3301 302 3338 teae
334 3301 377 3338 et
412 3299 679 3350 Epicureae,
725 3299 956 3351 probeque
987 3301 1078 3342 cal-

205 3359 369 3400 lentem
400 3364 602 3400 naturam
632 3364 675 3400 et
696 3360 990 3402 differentiam
1016 3365 1080 3403 in-

206 3423 274 3461 ter
319 3421 610 3475 γλαυκὶσκον
653 3421 703 3462 ἐν
750 3421 950 3475 χειμῶνι
995 3426 1077 3464 καὶ

207 3482 331 3539 θέρει
362 3482 457 3523 κτλ.
497 3508 535 3513 —
563 3485 761 3536 crustula]
796 3484 1073 3535 «dulciaria»,

1148 1683 1201 1721 tis
1233 1682 1311 1722 illis
1343 1683 1555 1735 exemplis
1588 1685 1832 1725 Horatianis
1854 1697 1876 1724 a
1900 1687 2028 1725 Bent-

1148 1744 1230 1784 lcio
1271 1744 1408 1786 allatis
1448 1758 1629 1798 semper
1673 1749 1892 1799 reperitur
1926 1749 2027 1788 salis

1148 1811 1222 1856 est,
1257 1819 1485 1858 nunquam
1514 1810 1616 1847 salis
1646 1809 1887 1849 dumtaxat.
1948 1813 2026 1850 At-

1148 1872 1295 1909 tamen
1341 1881 1497 1910 omnes
1547 1872 1829 1911 coniecturae
1878 1873 2025 1913 adhuc

1146 1933 1399 1983 propositae
1442 1943 1624 1984 prorsus
1669 1936 1771 1974 sunt
1807 1945 2025 1987 superva-

1146 2006 1327 2034 caueae.

1200 2058 1340 2096 54—57.
1363 2058 1558 2108 Massica]
1584 2069 1637 2097 ex
1660 2059 1914 2110 Campania,
1940 2062 2024 2099 ter-

1146 2120 1188 2159 tii
1222 2119 1387 2160 ordinis
1418 2121 1569 2160 vinum
1600 2123 1712 2161 teste
1742 2121 1874 2161 Plinio
1898 2123 1946 2161 Η.
1973 2124 2021 2161 N.

1148 2181 1220 2230 siff,
1253 2182 1291 2222 8.
1346 2182 1408 2222 Cf.
1434 2183 1511 2222 Od.
1540 2184 1583 2230 sl,
1619 2184 1662 2231 4,
1698 2184 1762 2223 49.
1799 2207 1845 2212 —
1878 2183 2022 2235 crassi]

1149 2245 1302 2294 «spissi
1335 2247 1378 2283 et
1407 2244 1577 2293 acerbi,
1621 2247 1752 2296 atque
1786 2249 2021 2298 propterca

1145 2305 1314 2345 bibenti
1346 2308 1491 2346 minus
1523 2308 1675 2357 grati.»
1703 2331 1745 2335 —
1771 2309 2021 2359 tenuabitur]

1149 2367 1250 2407 Plin.
1278 2369 1325 2407 H.
1352 2370 1399 2407 N.
1431 2368 1502 2416 tt,
1538 2370 1615 2408 27:
1652 2370 1912 2419 Campaniae
1945 2382 2022 2410 'no-

1143 2430 1341 2469 bilissima
1382 2430 1507 2480 (vina)
1551 2433 1740 2480 &mosim
1777 2433 1849 2471 sub
1883 2433 1950 2471 dio
1979 2434 2023 2472 in

1141 2493 1256 2531 cadis
1272 2492 1485 2531 verberari
1504 2494 1601 2542 sole,
1622 2494 1738 2543 luna,
1762 2494 1905 2543 imbre,
1928 2506 2024 2534 ren—

1142 2557 1193 2594 tts
1223 2555 1482 2604 aptissimum
1523 2557 1699 2596 videtur.
1762 2557 1824 2596 Cf.
1860 2557 2017 2597 Athen.

1144 2619 1188 2665 4,
1222 2618 1286 2657 59.
1326 2642 1369 2646 -
1399 2620 1501 2657 odor
1528 2620 1665 2658 nervis
1692 2619 1896 2670 inimicus]
1930 2621 2021 2660 «vis

1145 2679 1211 2719 illa
1242 2681 1327 2719 vini
1349 2683 1586 2720 aromatica
1610 2681 1880 2733 (bouquet),
1906 2693 2020 2732 quae

1144 2743 1272 2782 nimis
1304 2744 1388 2782 cito
1409 2746 1612 2794 potorem
1635 2743 1808 2784 ebrium
1829 2745 2018 2785 reddit.»

1144 2805 1236 2845 Hoc
1265 2806 1394 2856 igitur
1416 2805 1548 2845 modo
1573 2807 1758 2846 Massica
1781 2810 2022 2847 extenuan-

1143 2866 1197 2906 da
1230 2870 1350 2916 sunt,
1395 2869 1673 2919 neutiquam,
1716 2871 1785 2917 ut,
1834 2880 1936 2909 cum
1966 2880 2019 2908 ex

1143 2929 1268 2970 doliis
1321 2931 1363 2970 in
1403 2931 1538 2971 cados
1569 2930 1897 2980 diffunduntur,
1949 2930 2019 2971 vel

1143 2992 1276 3031 etiam
1308 2992 1490 3032 demum
1521 2995 1622 3032 ante
1662 2994 1802 3044 ipsam
1833 3004 2020 3044 compo-

1143 3054 1353 3094 tationem
1395 3065 1476 3105 per
1518 3066 1700 3095 saccum
1740 3053 1905 3094 lineum
1942 3066 2019 3095 co-

1141 3115 1308 3162 lentum
1342 3127 1456 3167 quae
1488 3116 1567 3156 fuit
1596 3118 1729 3157 etiam
1757 3115 1907 3157 Lucilii
1929 3117 2019 3168 opi-

1142 3178 1213 3217 nio
1250 3178 1367 3229 apud
1406 3179 1494 3219 Cic.
1530 3178 1585 3218 de
1626 3179 1746 3218 Finn.
1780 3180 1827 3228 ⁶2,
1860 3179 1906 3225 8,
1939 3178 2012 3217 23:

1138 3241 1282 3279 vinum
1302 3263 1324 3269 -
1344 3262 1367 3268 -
1387 3240 1455 3279 hir
1498 3239 1606 3290 (vola
1641 3241 1811 3290 manus)
1855 3240 2017 3289 siphove

1141 3302 1395 3353 (Naehheber
1435 3303 1522 3342 und
1562 3302 1830 3352 Scho'pfhand
1871 3303 2016 3350 Droy-

1141 3365 1234 3414 sen)
1266 3365 1333 3404 cui
1361 3365 1422 3404 -m'l
1449 3365 1654 3414 Dempsit,
1686 3364 1748 3402 vis
1767 3368 1840 3402 aut
1868 3373 2016 3401 saecu-

1139 3426 1203 3465 lus
1230 3427 1457 3466 abstulerit.
1517 3426 1643 3478 Apud
1674 3424 1911 3476 plerosque
1948 3427 2016 3464 ta-

1143 3498 1246 3527 men
1306 3487 1549 3527 invaluerat
1607 3487 1824 3526 contraria
1868 3487 2014 3538 opinio
