2231 3787
232 258 333 310 356

302 390 362 441 Et
400 387 594 442 calices
634 387 805 457 poscit
843 386 1090 439 maiores.

866 257 1078 297 llORATII
1110 256 1410 297 SATIRARUM

1173 387 1388 439 Vertere
1428 382 1601 453 pallor

301 492 431 542 Tum
469 488 687 561 parochi
727 488 915 542 facicm
955 487 1024 539 nil
1068 487 1143 539 sic
1183 485 1468 539 metuentis
1507 493 1562 537 ut
1607 501 1760 538 acres

299 594 547 651 PotoreS,
590 589 671 643 vel
719 589 868 660 quod
907 587 1045 640 male
1084 587 1267 640 dicunt
1303 586 1527 640 liberius
1564 586 1649 640 vel

303 692 530 746 Fervida
568 690 714 761 quod
754 688 947 743 subtile
987 688 1280 742 exsurdant
1316 688 1439 741 vina
1476 687 1726 759 palatum.

307 795 579 847 Invertunt
616 791 850 844 Allifanis
890 789 1095 842 vinaria
1132 796 1242 842 tota

300 893 540 947 Vibidius
578 891 924 961 Balatroque,
968 890 1167 944 secutis
1206 890 1480 955 omnibus3
1524 891 1612 943 imi

1976 891 2044 943 40

302 995 567 1050 Convivae
605 993 727 1047 lecti
766 991 988 1044 nihilum
1026 1008 1262 1046 nocuere
1300 992 1521 1063 lagenis,

337 1129 402 1169 35.
430 1132 607 1179 poscunt
635 1126 771 1167 Aldus
803 1126 921 1166 4509.
957 1128 1002 1166 et
1032 1126 1152 1166 1519.
1192 1150 1235 1154 -
1269 1126 1335 1165 36.
1370 1127 1482 1165 acris
1517 1137 1554 1165 c.

1608 1126 1730 1176 (Hinc
1759 1136 1901 1177 usque
1933 1126 1990 1166 ad

282 1204 322 1232 v.
356 1191 422 1233 84.
456 1202 640 1232 mancus
672 1192 739 1231 est
769 1189 879 1230 Cod.
913 1189 976 1239 E.)
1013 1212 1057 1219 -
1091 1189 1158 1230 40.
1192 1189 1284 1228 imis
1312 1188 1473 1241 bcp,Lt
1504 1189 1605 1241 (non
1637 1188 1694 1239 S).

229 1310 454 1350 moriemur
474 1309 606 1348 inulti.
642 1308 704 1348 Cf.
730 1307 769 1356 4,
794 1307 921 1358 659),
946 1309 992 1346 ut
1014 1307 1104 1358 opi-
1166 1305 1475 1358 praebendum
1506 1304 1738 1354 attinebat,
1773 1306 1887 1345 tecte
1909 1305 2043 1356 signi-

228 1376 356 1412 natur
394 1373 608 1419 Duntzer,
650 1382 703 1410 ex
741 1370 879 1409 Ennio
915 1369 1101 1409 sortasse
1167 1369 1324 1408 ficatur
1352 1380 1392 1407 v.
1425 1368 1510 1416 ,153
1543 1368 1628 1407 hoc
1666 1368 1761 1419 ipso
1800 1366 1897 1407 loco
1939 1368 2042 1419 (quo

225 1436 376 1486 petita,
395 1432 576 1473 ridicule
595 1431 649 1472 ad
669 1432 942 1483 potationem
963 1432 1104 1471 trans-

227 1497 380 1537 fertur.
441 1497 509 1535 Sic
549 1497 699 1535 autem
738 1492 843 1533 ultio
885 1492 1102 1533 sumenda

228 1562 319 1599 erat
351 1558 405 1598 de
442 1569 580 1598 coena
611 1556 764 1608 putida
785 1558 918 1607 atque
940 1554 1104 1605 alioqui

228 1621 361 1661 taedii
391 1619 535 1672 plena.

281 1681 427 1722 35-44.
479 1679 843 1730 calices-maiores]
880 1679 942 1719 Ex
977 1689 1100 1718 more

227 1746 394 1785 acrium
410 1746 631 1796 potorum.
667 1742 790 1782 Conf.
809 1741 947 1793 Epod.
973 1741 1012 1789 9,
1032 1740 1098 1779 33.

225 1808 373 1858 Eurip.
389 1808 478 1846 Ion.
496 1805 615 1845 4178:
635 1805 784 1859 γέρων
799 1798 930 1854 ἔλεξ’·
949 1797 1103 1858 ἀφαρ-

226 1866 386 1920 πάζειν
418 1863 570 1924 χρεών
601 1864 780 1922 Οἰνηρὰ
810 1862 956 1917 τεύχη
989 1877 1101 1917 σμι-

226 1930 343 1987 κρά,
390 1925 577 1982 μεγάλα
620 1926 656 1967 δ’
703 1926 937 1984 ἐσφέρειν.
1008 1927 1097 1966 Cic,

225 1995 352 2033 Verr.
376 1995 533 2032 Aecus.
569 1992 615 2039 1,
650 1991 720 2039 ⁶26,
755 1990 826 2029 66:
879 1988 1101 2028 discumbi—

226 2061 318 2095 tur:
356 2056 402 2105 fit
430 2065 564 2094 sermo
594 2054 702 2092 inter
732 2063 796 2092 eos
826 2055 862 2091 el
892 2051 1098 2100 invitatio,

222 2122 268 2157 *ut
298 2117 457 2157 Graeco
495 2126 609 2155 more
645 2115 862 2154 biberetur.
909 2115 1102 2154 hortatur

222 2181 391 2229 hospes:
435 2182 611 2228 poscunt
658 2176 885 2216 maioribus
922 2177 1096 2226 poculis.

231 2265 272 2271 —
299 2240 490 2291 parochi]
523 2239 609 2280 Cfr.
635 2240 721 2278 Sat.
747 2241 796 2287 1,
830 2240 877 2288 5,
910 2238 977 2279 46.
1021 2239 1100 2278 Hic

223 2305 375 2344 festive
416 2303 473 2342 ita
503 2303 632 2341 vocat
662 2312 829 2341 coenae
871 2300 1100 2352 praebito-

222 2377 333 2405 rem.
372 2389 416 2393 -—
448 2364 627 2404 Fervida
668 2363 770 2414 cet.]
813 2363 966 2403 «Acria
998 2363 1100 2402 vina

223 2428 436 2467 hebetant
459 2424 735 2466 subtiliorem
755 2424 887 2477 palati
904 2426 1096 2476 gustum,

225 2490 371 2540 itaque
404 2489 614 2528 convivae
655 2486 751 2527 talis
784 2498 948 2527 coenae
990 2485 1102 2526 deli-

225 2553 315 2591 cias
354 2552 500 2590 minus
540 2550 908 2601 persentiscent.»
945 2573 988 2577 —
1022 2560 1101 2589 313-

223 2613 410 2664 surdam]
450 2611 618 2651 tralatio
657 2610 712 2651 ab
743 2611 895 2651 auditu
926 2611 982 2650 ad
1019 2621 1101 2662 gu-

225 2678 402 2716 statum.
462 2674 674 2714 Neutram
704 2675 854 2713 autem
884 2674 1101 2712 rationem

225 2737 422 2789 proferre
463 2738 635 2788 poterat
678 2736 772 2788 ipse
811 2735 1098 2783 Nasidienus,

227 2798 307 2838 sed
350 2797 634 2838 manifestum
679 2799 747 2837 est
794 2798 1031 2847 utramque
1077 2807 1101 2835 3

229 2860 451 2900 Fundanio
481 2859 696 2900 malitiose
728 2860 904 2909 suggeri
934 2858 1102 2898 homini

228 2920 373 2962 subito
414 2920 726 2972 expallescenti
765 2922 899 2971 atque
941 2918 1099 2959 silenti.

227 2984 343 3023 Vera
371 2981 576 3022 videlicet
611 2983 720 3021 ratio
757 2983 801 3022 in
833 2983 926 3022 eius
962 2982 1105 3021 inerat

230 3045 521 3097 parcimonia:
566 3044 731 3084 etenim
761 3042 870 3084 tales
900 3043 1103 3083 homines

232 3107 349 3147 tenui
379 3105 476 3146 1000
508 3106 611 3154 orti,
658 3105 738 3145 sed
774 3116 882 3146 casu
918 3106 1103 3156 repente

233 3169 389 3209 divites
418 3166 517 3207 facti
548 3166 803 3218 (pari-enus),
836 3167 946 3206 mira
986 3168 1104 3207 tem-

232 3230 460 3282 peratione
498 3227 761 3280 plerumque
802 3239 961 3279 magna
1002 3240 1105 3269 cum

232 3291 487 3343 profusione
505 3290 660 3331 sordes
673 3291 953 3341 coniungunt.
968 3293 1105 3330 Prava

236 3356 385 3394 autem
416 3356 460 3394 et
489 3351 690 3401 ridicula,
738 3363 872 3404 quam
912 3352 1106 3393 nonnulli

238 3426 479 3466 agnoscere
512 3413 768 3462 noluerunt,
808 3414 1103 3465 parcimonia,

236 3478 427 3518 maxime
477 3476 594 3528 quod
643 3475 699 3515 ad
746 3476 897 3516 vinum
944 3475 1104 3526 largius

1161 1432 1303 1481 pallor
1346 1441 1486 1481 prope
1531 1430 1717 1469 nimium
1761 1427 1944 1469 affectas
1983 1430 2045 1470 si-

1167 1504 1302 1544 gnum
1342 1494 1481 1541 esset,
1529 1493 1565 1532 si
1606 1502 1687 1543 pro
1724 1492 1842 1532 veris
1872 1490 2041 1532 habeas

1166 1556 1358 1594 rationes
1375 1565 1399 1593 a
1420 1554 1644 1594 Fundanio
1671 1551 1852 1604 allatas),
1885 1565 1927 1592 v.
1951 1553 2038 1603 40„

1167 1617 1286 1668 quod
1331 1617 1405 1656 imi
1448 1617 1656 1656 convivae
1696 1615 1818 1664 lecti,
1871 1616 2044 1668 patroni

1166 1679 1490 1731 parcimoniae,
1537 1679 1582 1718 in
1610 1679 1711 1717 vino
1741 1676 1899 1718 saltem
1936 1689 2044 1730 pro-

1166 1741 1350 1789 mendo,
1397 1739 1538 1792 probe
1583 1740 1733 1791 gnari,
1781 1750 1805 1779 a
1847 1740 2042 1791 potando

1166 1804 1408 1851 abstinent;
1431 1815 1473 1843 v.
1492 1804 1577 1852 82„
1598 1802 1717 1854 quod
1737 1801 1909 1842 Vibidio
1925 1803 2044 1843 servi

1165 1869 1347 1918 propter
1385 1877 1545 1906 arcana
1577 1866 1674 1905 heri
1709 1865 1917 1905 mandata
1953 1876 2042 1905 non

1166 1929 1271 1968 dant
1300 1927 1471 1980 pocula.
1501 1951 1545 1956 —-
1568 1928 1796 1979 Invertunt]
1819 1923 1942 1967 κατὰ
1961 1939 2041 1968 κε-

1165 1989 1326 2043 φαλῆς
1370 1991 1635 2048 τρέπονται.
1712 1990 1851 2030 Comi.
1890 1990 2039 2039 CRUQ.,

1164 2055 1213 2094 ut
1259 2064 1339 2094 nos
1387 2055 1712 2092 umsli'lrzen.
1794 2051 2043 2092 «Inclinant

1160 2116 1332 2156 vinaria
1373 2114 1601 2166 (lagenas;
1654 2113 1861 2154 Glossae:
1918 2115 2044 2154 vina-

1162 2180 1304 2228 rium,
1370 2175 1722 2234 οἰνοφορεϊον.)
1779 2176 1836 2216 ad
1893 2176 2040 2217 infun-

1166 2241 1364 2280 dendum
1395 2251 1573 2280 merum
1603 2240 1646 2278 in
1683 2238 1886 2279 calices.»
1959 2239 2039 2280 Od.

1164 2302 1212 2350 3,
1246 2303 1323 2351 ¹29,
1355 2302 1395 2341 2.
1448 2300 1662 2342 Lucilius:
1708 2301 1889 2341 Vertitur
1916 2311 2042 2340 oeno-

1158 2365 1305 2415 phoris
1322 2365 1498 2415 fundus,
1531 2363 1733 2403 sententia
1752 2363 1879 2402 nobis.
1917 2363 2035 2414 Virg.

1163 2430 1272 2467 Aen.
1324 2427 1372 2474 9,
1407 2427 1510 2466 465:
1554 2429 1721 2465 vertunt
1749 2429 1937 2465 crateras
1965 2427 2043 2464 ae·-

1163 2500 1251 2530 nos.
1289 2512 1334 2517 -
1365 2488 1569 2540 Allifanis]
1603 2487 1798 2527 dativus:
1835 2487 2042 2527 «maiori-

1163 2552 1248 2591 bus
1288 2551 1522 2603 scyphis3»
1573 2549 1629 2589 ab
1669 2548 1828 2597 Allifis,
1876 2549 2041 2588 Samnii

1165 2612 1348 2664 oppido,
1385 2611 1485 2651 «ubi
1514 2610 1670 2651 fictiles
1692 2612 1735 2650 et
1763 2609 1942 2650 latiores
1964 2621 2041 2650 ca-

1164 2674 1270 2715 lices
1307 2673 1515 2713 60113111.»
1565 2673 1703 2713 Conni.
1736 2672 1867 2718 (3an.
1913 2670 2040 2713 Silius

1166 2737 1238 2784 42,
1272 2735 1373 2774 526:
1406 2734 1613 2785 Allifanus
1640 2733 1785 2772 Iaccho
1804 2733 1929 2773 Haud
1947 2734 2041 2774 ina-

1164 2802 1301 2837 malus
1329 2807 1444 2847 ager.
1482 2819 1526 2825 —
1570 2796 1643 2834 imi
1684 2795 1889 2835 Convivae
1931 2796 2038 2850 lecti]

1165 2860 1466 2900 Nomentanus
1499 2858 1542 2897 et
1571 2858 1751 2898 Porcius
1772 2889 1781 2907 ,
1817 2858 2041 2899 Nasidieni

1164 2920 1365 2972 parasiti,
1413 2919 1657 2971 prudenter
1694 2918 1935 2969 cavebant,
1982 2930 2039 2960 ne

1167 2993 1270 3023 eum
1300 2981 1577 3022 offenderent
1611 2980 1773 3033 largius
1810 2980 2036 3031 bibendo;

1165 3046 1377 3097 patronus
1425 3045 1521 3096 ipse
1568 3043 1625 3084 ob
1674 3044 1902 3084 avaritiam
1955 3043 2040 3085 sibi

1166 3105 1448 3157 temperabat
1475 3117 1500 3145 a
1538 3107 1660 3157 potu.
1721 3104 1808 3146 Cfr.
1845 3106 1953 3157 Epp.
1991 3106 2036 3154 1,

1170 3168 1242 3217 18,
1278 3168 1351 3207 1οτ
1399 3167 1473 3207 imi
1510 3168 1685 3207 Derisor
1725 3167 1830 3206 lecti.
1893 3167 2041 3207 Lectio

1167 3231 1261 3269 imis
1290 3241 1342 3270 ex
1373 3241 1509 3282 prava
1540 3228 1951 3269 accommodatione
1983 3228 2040 3269 ad

1169 3291 1483 3343 praecedentia
1513 3292 1607 3331 orta
1639 3293 1718 3331 est.

1223 3352 1368 3393 42-50.
1401 3352 1591 3403 squillas]
1622 3351 1868 3392 Krabben.
1914 3351 2037 3392 Conf.

1170 3415 1256 3454 Sat.
1280 3415 1329 3463 2,
1364 3414 1412 3464 4,
1445 3415 1511 3454 58.
1550 3437 1592 3442 —-
1626 3413 1843 3464 muraena]
1883 3413 2041 3453 Meer-

1171 3477 1264 3516 aal.
1306 3478 1601 3517 Romanorum
1629 3473 1827 3516 deliciae.
1870 3475 2041 3518 Macro-
