<?xml version="1.0" encoding="UTF-8"?>
<!DOCTYPE html PUBLIC "-//W3C//DTD XHTML 1.0 Transitional//EN"
    "http://www.w3.org/TR/xhtml1/DTD/xhtml1-transitional.dtd">
<html xmlns="http://www.w3.org/1999/xhtml" xml:lang="en" lang="en">
 <head>
  <title>
</title>
<meta http-equiv="Content-Type" content="text/html;charset=utf-8" />
  <meta name='ocr-system' content='tesseract 3.04.00' />
  <meta name='ocr-capabilities' content='ocr_page ocr_carea ocr_par ocr_line ocrx_word'/>
</head>
<body>
  <div class='ocr_page' id='page_1' title='image "./qhoratiusflaccus02horauoft_0636.png"; bbox 0 0 2231 3787; ppageno 0'>
   <div class='ocr_carea' id='block_1_1' title="bbox 293 228 394 279">
    <p class='ocr_par' dir='ltr' id='par_1_1' title="bbox 293 228 394 279">
     <span class='ocr_line' id='line_1_1' title="bbox 293 228 394 279; baseline 0 0"><span class='ocrx_word' id='word_1_1' title='bbox 293 228 394 279; x_wconf 78' lang='lat'>592</span> 
     </span>
    </p>
   </div>
   <div class='ocr_carea' id='block_1_2' title="bbox 894 229 1505 272">
    <p class='ocr_par' dir='ltr' id='par_1_2' title="bbox 894 229 1505 272">
     <span class='ocr_line' id='line_1_2' title="bbox 894 229 1505 272; baseline 0.002 -4"><span class='ocrx_word' id='word_1_2' title='bbox 894 229 1108 270; x_wconf 86' lang='lat' dir='ltr'><strong>HORATII</strong></span> <span class='ocrx_word' id='word_1_3' title='bbox 1137 229 1505 272; x_wconf 86' lang='lat' dir='ltr'><strong>EPISTOLARUM</strong></span> 
     </span>
    </p>
   </div>
   <div class='ocr_carea' id='block_1_3' title="bbox 363 357 1790 429">
    <p class='ocr_par' dir='ltr' id='par_1_3' title="bbox 363 357 1790 429">
     <span class='ocr_line' id='line_1_3' title="bbox 363 357 1790 429; baseline -0.002 -17"><span class='ocrx_word' id='word_1_4' title='bbox 363 361 489 412; x_wconf 83' lang='lat' dir='ltr'><strong>Post</strong></span> <span class='ocrx_word' id='word_1_5' title='bbox 528 359 760 429; x_wconf 80' lang='lat' dir='ltr'>ingentia</span> <span class='ocrx_word' id='word_1_6' title='bbox 798 358 934 412; x_wconf 85' lang='lat' dir='ltr'>facta</span> <span class='ocrx_word' id='word_1_7' title='bbox 972 357 1199 412; x_wconf 87' lang='lat' dir='ltr'>deorum</span> <span class='ocrx_word' id='word_1_8' title='bbox 1239 360 1291 410; x_wconf 91' lang='lat' dir='ltr'>in</span> <span class='ocrx_word' id='word_1_9' title='bbox 1329 357 1524 428; x_wconf 84' lang='lat' dir='ltr'>templa</span> <span class='ocrx_word' id='word_1_10' title='bbox 1562 357 1790 428; x_wconf 82' lang='lat' dir='ltr'>recepti,</span> 
     </span>
    </p>
   </div>
   <div class='ocr_carea' id='block_1_4' title="bbox 364 458 2003 529">
    <p class='ocr_par' dir='ltr' id='par_1_4' title="bbox 364 458 2003 529">
     <span class='ocr_line' id='line_1_4' title="bbox 364 458 2003 529; baseline 0 -18"><span class='ocrx_word' id='word_1_11' title='bbox 364 461 501 512; x_wconf 90' lang='lat' dir='ltr'>Dum</span> <span class='ocrx_word' id='word_1_12' title='bbox 539 468 710 513; x_wconf 90' lang='lat' dir='ltr'>terras</span> <span class='ocrx_word' id='word_1_13' title='bbox 751 459 1135 528; x_wconf 82' lang='lat' dir='ltr'>hominumque</span> <span class='ocrx_word' id='word_1_14' title='bbox 1176 458 1356 511; x_wconf 86' lang='lat' dir='ltr'>colunt</span> <span class='ocrx_word' id='word_1_15' title='bbox 1394 476 1591 529; x_wconf 61' lang='lat' dir='ltr'>geum,</span> <span class='ocrx_word' id='word_1_16' title='bbox 1633 475 1826 528; x_wconf 89' lang='lat' dir='ltr'>aspera</span> <span class='ocrx_word' id='word_1_17' title='bbox 1863 458 2003 512; x_wconf 91' lang='lat' dir='ltr'>bella</span> 
     </span>
    </p>
   </div>
   <div class='ocr_carea' id='block_1_5' title="bbox 365 558 1800 631">
    <p class='ocr_par' dir='ltr' id='par_1_5' title="bbox 365 558 1800 631">
     <span class='ocr_line' id='line_1_5' title="bbox 365 558 1800 631; baseline -0.002 -18"><span class='ocrx_word' id='word_1_18' title='bbox 365 561 725 631; x_wconf 88' lang='lat' dir='ltr'>Componunt,</span> <span class='ocrx_word' id='word_1_19' title='bbox 768 577 925 630; x_wconf 79' lang='lat' dir='ltr'>agros</span> <span class='ocrx_word' id='word_1_20' title='bbox 966 559 1256 629; x_wconf 79' lang='lat' dir='ltr'>assignant,</span> <span class='ocrx_word' id='word_1_21' title='bbox 1299 558 1499 629; x_wconf 91' lang='lat' dir='ltr'>oppida</span> <span class='ocrx_word' id='word_1_22' title='bbox 1537 558 1800 620; x_wconf 88' lang='lat' dir='ltr'>condunt,</span> 
     </span>
    </p>
   </div>
   <div class='ocr_carea' id='block_1_6' title="bbox 362 658 1599 729">
    <p class='ocr_par' dir='ltr' id='par_1_6' title="bbox 362 658 1599 729">
     <span class='ocr_line' id='line_1_6' title="bbox 362 658 1599 729; baseline -0.002 -15"><span class='ocrx_word' id='word_1_23' title='bbox 362 660 649 715; x_wconf 77' lang='lat' dir='ltr'>ploravere</span> <span class='ocrx_word' id='word_1_24' title='bbox 690 660 800 713; x_wconf 91' lang='lat' dir='ltr'>suis</span> <span class='ocrx_word' id='word_1_25' title='bbox 839 677 944 712; x_wconf 91' lang='lat' dir='ltr'>non</span> <span class='ocrx_word' id='word_1_26' title='bbox 983 659 1316 729; x_wconf 90' lang='lat' dir='ltr'>respondere</span> <span class='ocrx_word' id='word_1_27' title='bbox 1361 658 1599 713; x_wconf 89' lang='lat' dir='ltr'>favorem</span> 
     </span>
    </p>
   </div>
   <div class='ocr_carea' id='block_1_7' title="bbox 365 760 904 833">
    <p class='ocr_par' dir='ltr' id='par_1_7' title="bbox 365 760 904 833">
     <span class='ocr_line' id='line_1_7' title="bbox 365 760 904 833; baseline -0.007 -17"><span class='ocrx_word' id='word_1_28' title='bbox 365 763 649 833; x_wconf 83' lang='lat' dir='ltr'>Speratum</span> <span class='ocrx_word' id='word_1_29' title='bbox 687 760 904 814; x_wconf 89' lang='lat' dir='ltr'>meritis.</span> 
     </span>
    </p>
   </div>
   <div class='ocr_carea' id='block_1_8' title="bbox 980 760 1843 833">
    <p class='ocr_par' dir='ltr' id='par_1_8' title="bbox 980 760 1843 833">
     <span class='ocr_line' id='line_1_8' title="bbox 980 760 1843 833; baseline 0 -20"><span class='ocrx_word' id='word_1_30' title='bbox 980 761 1159 814; x_wconf 90' lang='lat' dir='ltr'>Diram</span> <span class='ocrx_word' id='word_1_31' title='bbox 1205 760 1297 831; x_wconf 92' lang='lat' dir='ltr'>qui</span> <span class='ocrx_word' id='word_1_32' title='bbox 1336 760 1576 814; x_wconf 88' lang='lat' dir='ltr'>contudit</span> <span class='ocrx_word' id='word_1_33' title='bbox 1612 760 1843 833; x_wconf 78' lang='lat' dir='ltr'>hydram</span> 
     </span>
    </p>
   </div>
   <div class='ocr_carea' id='block_1_9' title="bbox 2048 762 2114 814">
    <p class='ocr_par' dir='ltr' id='par_1_9' title="bbox 2048 762 2114 814">
     <span class='ocr_line' id='line_1_9' title="bbox 2048 762 2114 814; baseline 0 0"><span class='ocrx_word' id='word_1_34' title='bbox 2048 762 2114 814; x_wconf 66' lang='lat'>40</span> 
     </span>
    </p>
   </div>
   <div class='ocr_carea' id='block_1_10' title="bbox 403 901 2062 954">
    <p class='ocr_par' dir='ltr' id='par_1_10' title="bbox 403 901 2062 954">
     <span class='ocr_line' id='line_1_10' title="bbox 403 901 2062 954; baseline 0 -11"><span class='ocrx_word' id='word_1_35' title='bbox 403 904 440 943; x_wconf 82' lang='lat'>6.</span> <span class='ocrx_word' id='word_1_36' title='bbox 472 904 564 954; x_wconf 82' lang='lat' dir='ltr'>fata</span> <span class='ocrx_word' id='word_1_37' title='bbox 592 901 814 942; x_wconf 88' lang='lat' dir='ltr'>Bentleius</span> <span class='ocrx_word' id='word_1_38' title='bbox 845 902 958 941; x_wconf 91' lang='lat' dir='ltr'>coni.</span> <span class='ocrx_word' id='word_1_39' title='bbox 991 912 1135 953; x_wconf 86' lang='lat' dir='ltr'>nuper</span> <span class='ocrx_word' id='word_1_40' title='bbox 1164 902 1208 940; x_wconf 90' lang='lat' dir='ltr'>in</span> <span class='ocrx_word' id='word_1_41' title='bbox 1239 901 1448 941; x_wconf 88' lang='lat' dir='ltr'>Schmidii</span> <span class='ocrx_word' id='word_1_42' title='bbox 1480 901 1587 941; x_wconf 91' lang='lat' dir='ltr'>Cod.</span> <span class='ocrx_word' id='word_1_43' title='bbox 1621 901 1819 942; x_wconf 90' lang='lat' dir='ltr'>secundo</span> <span class='ocrx_word' id='word_1_44' title='bbox 1853 901 2062 953; x_wconf 86' lang='lat' dir='ltr'>(Guelfer-</span> 
     </span>
    </p>
   </div>
   <div class='ocr_carea' id='block_1_11' title="bbox 349 963 2062 1076">
    <p class='ocr_par' dir='ltr' id='par_1_11' title="bbox 349 963 2062 1076">
     <span class='ocr_line' id='line_1_11' title="bbox 349 963 2058 1015; baseline -0.001 -11"><span class='ocrx_word' id='word_1_45' title='bbox 349 965 527 1015; x_wconf 75' lang='lat' dir='ltr'>bytano)</span> <span class='ocrx_word' id='word_1_46' title='bbox 558 966 750 1015; x_wconf 85' lang='lat' dir='ltr'>reperta.</span> <span class='ocrx_word' id='word_1_47' title='bbox 779 986 823 991; x_wconf 88' lang='lat'>—-</span> <span class='ocrx_word' id='word_1_48' title='bbox 855 964 1006 1003; x_wconf 74' lang='lat' dir='ltr'>revecti</span> <span class='ocrx_word' id='word_1_49' title='bbox 1034 974 1148 1003; x_wconf 91' lang='lat' dir='ltr'>unus</span> <span class='ocrx_word' id='word_1_50' title='bbox 1180 964 1308 1002; x_wconf 93' lang='lat' dir='ltr'>Feae.</span> <span class='ocrx_word' id='word_1_51' title='bbox 1344 963 1438 1014; x_wconf 90' lang='lat' dir='ltr'>(Vp.</span> <span class='ocrx_word' id='word_1_52' title='bbox 1462 964 1529 1014; x_wconf 93' lang='lat' dir='ltr'>D.)</span> <span class='ocrx_word' id='word_1_53' title='bbox 1557 984 1601 991; x_wconf 96' lang='lat'><strong>—</strong></span> <span class='ocrx_word' id='word_1_54' title='bbox 1636 965 1675 1003; x_wconf 86' lang='lat'>7.</span> <span class='ocrx_word' id='word_1_55' title='bbox 1711 964 1813 1004; x_wconf 82' lang='lat' dir='ltr'>Cum</span> <span class='ocrx_word' id='word_1_56' title='bbox 1842 964 1912 1004; x_wconf 88' lang='lat' dir='ltr'>cd.</span> <span class='ocrx_word' id='word_1_57' title='bbox 1941 988 1986 993; x_wconf 92' lang='lat'><strong>—</strong></span> <span class='ocrx_word' id='word_1_58' title='bbox 2019 965 2058 1004; x_wconf 91' lang='lat'>8.</span> 
     </span>
     <span class='ocr_line' id='line_1_12' title="bbox 350 1024 2062 1076; baseline 0 -11"><span class='ocrx_word' id='word_1_59' title='bbox 350 1025 458 1066; x_wconf 83' lang='lat' dir='ltr'>Male</span> <span class='ocrx_word' id='word_1_60' title='bbox 491 1027 534 1066; x_wconf 90' lang='lat' dir='ltr'>in</span> <span class='ocrx_word' id='word_1_61' title='bbox 554 1026 632 1066; x_wconf 89' lang='lat' dir='ltr'>Ed.</span> <span class='ocrx_word' id='word_1_62' title='bbox 655 1024 910 1065; x_wconf 88' lang='lat' dir='ltr'>Bentleiana</span> <span class='ocrx_word' id='word_1_63' title='bbox 932 1024 1116 1076; x_wconf 90' lang='lat' dir='ltr'>aliisque</span> <span class='ocrx_word' id='word_1_64' title='bbox 1139 1025 1442 1075; x_wconf 79' lang='lat' dir='ltr'>distinguitur:</span> <span class='ocrx_word' id='word_1_65' title='bbox 1475 1026 1588 1064; x_wconf 84' lang='lat' dir='ltr'>Dum</span> <span class='ocrx_word' id='word_1_66' title='bbox 1609 1046 1631 1053; x_wconf 97' lang='lat'>-</span> <span class='ocrx_word' id='word_1_67' title='bbox 1652 1047 1674 1053; x_wconf 96' lang='lat'>-</span> <span class='ocrx_word' id='word_1_68' title='bbox 1694 1048 1716 1054; x_wconf 95' lang='lat'>-</span> <span class='ocrx_word' id='word_1_69' title='bbox 1736 1026 1938 1072; x_wconf 79' lang='lat' dir='ltr'>condunt;</span> <span class='ocrx_word' id='word_1_70' title='bbox 1968 1026 2062 1065; x_wconf 81' lang='lat' dir='ltr'>Plo-</span> 
     </span>
    </p>
   </div>
   <div class='ocr_carea' id='block_1_12' title="bbox 348 1086 2064 1202">
    <p class='ocr_par' dir='ltr' id='par_1_12' title="bbox 348 1086 2064 1202">
     <span class='ocr_line' id='line_1_13' title="bbox 350 1086 2064 1138; baseline 0.001 -12"><span class='ocrx_word' id='word_1_71' title='bbox 350 1099 498 1128; x_wconf 82' lang='lat' dir='ltr'>ravere</span> <span class='ocrx_word' id='word_1_72' title='bbox 528 1090 613 1128; x_wconf 86' lang='lat' dir='ltr'>cet.</span> <span class='ocrx_word' id='word_1_73' title='bbox 650 1111 694 1115; x_wconf 46' lang='lat' dir='ltr'>—w</span> <span class='ocrx_word' id='word_1_74' title='bbox 728 1089 811 1127; x_wconf 87' lang='lat' dir='ltr'>Pro</span> <span class='ocrx_word' id='word_1_75' title='bbox 842 1088 1022 1127; x_wconf 76' lang='lat' dir='ltr'>condunt</span> <span class='ocrx_word' id='word_1_76' title='bbox 1052 1087 1233 1138; x_wconf 90' lang='lat' dir='ltr'>Cruquii</span> <span class='ocrx_word' id='word_1_77' title='bbox 1265 1086 1373 1126; x_wconf 90' lang='lat' dir='ltr'>Cod.</span> <span class='ocrx_word' id='word_1_78' title='bbox 1407 1087 1596 1127; x_wconf 88' lang='lat' dir='ltr'>Tonsan.</span> <span class='ocrx_word' id='word_1_79' title='bbox 1626 1089 1820 1138; x_wconf 79' lang='lat' dir='ltr'>firmant,</span> <span class='ocrx_word' id='word_1_80' title='bbox 1861 1087 1906 1126; x_wconf 93' lang='lat' dir='ltr'>id</span> <span class='ocrx_word' id='word_1_81' title='bbox 1943 1087 2064 1138; x_wconf 91' lang='lat' dir='ltr'>quod</span> 
     </span>
     <span class='ocr_line' id='line_1_14' title="bbox 348 1148 1936 1202; baseline 0 -14"><span class='ocrx_word' id='word_1_82' title='bbox 348 1152 611 1200; x_wconf 85' lang='lat' dir='ltr'>recepturus</span> <span class='ocrx_word' id='word_1_83' title='bbox 642 1151 736 1188; x_wconf 87' lang='lat' dir='ltr'>erat</span> <span class='ocrx_word' id='word_1_84' title='bbox 769 1149 1113 1200; x_wconf 79' lang='lat' dir='ltr'>Cuninghamius</span> <span class='ocrx_word' id='word_1_85' title='bbox 1131 1180 1140 1198; x_wconf 89' lang='lat'>,</span> <span class='ocrx_word' id='word_1_86' title='bbox 1173 1148 1254 1189; x_wconf 89' lang='lat' dir='ltr'>sed</span> <span class='ocrx_word' id='word_1_87' title='bbox 1284 1148 1516 1189; x_wconf 84' lang='lat' dir='ltr'>infeliciter</span> <span class='ocrx_word' id='word_1_88' title='bbox 1545 1160 1708 1202; x_wconf 85' lang='lat' dir='ltr'>operae</span> <span class='ocrx_word' id='word_1_89' title='bbox 1737 1150 1936 1200; x_wconf 79' lang='lat' dir='ltr'>formant.</span> 
     </span>
    </p>
   </div>
   <div class='ocr_carea' id='block_1_13' title="bbox 296 1272 2118 1325">
    <p class='ocr_par' dir='ltr' id='par_1_13' title="bbox 296 1272 2118 1325">
     <span class='ocr_line' id='line_1_15' title="bbox 296 1272 2118 1325; baseline -0.001 -12"><span class='ocrx_word' id='word_1_90' title='bbox 296 1275 439 1325; x_wconf 84' lang='lat' dir='ltr'>ipsam</span> <span class='ocrx_word' id='word_1_91' title='bbox 469 1274 636 1324; x_wconf 79' lang='lat' dir='ltr'>pergit,</span> <span class='ocrx_word' id='word_1_92' title='bbox 685 1272 764 1312; x_wconf 89' lang='lat' dir='ltr'>has</span> <span class='ocrx_word' id='word_1_93' title='bbox 796 1273 1036 1313; x_wconf 90' lang='lat' dir='ltr'>sententias</span> <span class='ocrx_word' id='word_1_94' title='bbox 1067 1283 1175 1324; x_wconf 91' lang='lat' dir='ltr'>pro-</span> <span class='ocrx_word' id='word_1_95' title='bbox 1238 1285 1335 1313; x_wconf 80' lang='lat' dir='ltr'>rum</span> <span class='ocrx_word' id='word_1_96' title='bbox 1363 1274 1407 1313; x_wconf 81' lang='lat' dir='ltr'>in</span> <span class='ocrx_word' id='word_1_97' title='bbox 1437 1273 1590 1323; x_wconf 77' lang='lat' dir='ltr'>templa</span> <span class='ocrx_word' id='word_1_98' title='bbox 1616 1273 1782 1325; x_wconf 79' lang='lat' dir='ltr'>recepti]</span> <span class='ocrx_word' id='word_1_99' title='bbox 1815 1273 1896 1313; x_wconf 91' lang='lat' dir='ltr'>«ab</span> <span class='ocrx_word' id='word_1_100' title='bbox 1927 1272 2118 1313; x_wconf 92' lang='lat' dir='ltr'>homini-</span> 
     </span>
    </p>
   </div>
   <div class='ocr_carea' id='block_1_14' title="bbox 294 1333 1180 1756">
    <p class='ocr_par' dir='ltr' id='par_1_14' title="bbox 294 1333 1180 1756">
     <span class='ocr_line' id='line_1_16' title="bbox 294 1333 1173 1387; baseline -0.002 -11"><span class='ocrx_word' id='word_1_101' title='bbox 294 1346 489 1387; x_wconf 89' lang='lat' dir='ltr'>ponens:</span> <span class='ocrx_word' id='word_1_102' title='bbox 539 1336 732 1374; x_wconf 81' lang='lat' dir='ltr'>«Heroes</span> <span class='ocrx_word' id='word_1_103' title='bbox 775 1333 832 1373; x_wconf 91' lang='lat' dir='ltr'>illi</span> <span class='ocrx_word' id='word_1_104' title='bbox 863 1335 1028 1385; x_wconf 88' lang='lat' dir='ltr'>antiqui</span> <span class='ocrx_word' id='word_1_105' title='bbox 1057 1334 1173 1374; x_wconf 91' lang='lat' dir='ltr'>bene</span> 
     </span>
     <span class='ocr_line' id='line_1_17' title="bbox 297 1398 1174 1449; baseline -0.001 -12"><span class='ocrx_word' id='word_1_106' title='bbox 297 1399 352 1437; x_wconf 91' lang='lat' dir='ltr'>de</span> <span class='ocrx_word' id='word_1_107' title='bbox 375 1409 538 1449; x_wconf 78' lang='lat' dir='ltr'>genere</span> <span class='ocrx_word' id='word_1_108' title='bbox 561 1399 756 1437; x_wconf 90' lang='lat' dir='ltr'>humano</span> <span class='ocrx_word' id='word_1_109' title='bbox 774 1398 919 1437; x_wconf 84' lang='lat' dir='ltr'>meriti</span> <span class='ocrx_word' id='word_1_110' title='bbox 938 1400 1039 1449; x_wconf 90' lang='lat' dir='ltr'>post</span> <span class='ocrx_word' id='word_1_111' title='bbox 1058 1409 1174 1438; x_wconf 89' lang='lat' dir='ltr'>mor-</span> 
     </span>
     <span class='ocr_line' id='line_1_18' title="bbox 296 1459 1176 1509; baseline 0 -10"><span class='ocrx_word' id='word_1_112' title='bbox 296 1463 389 1499; x_wconf 83' lang='lat' dir='ltr'>tem</span> <span class='ocrx_word' id='word_1_113' title='bbox 420 1460 603 1499; x_wconf 88' lang='lat' dir='ltr'>demum</span> <span class='ocrx_word' id='word_1_114' title='bbox 635 1459 690 1498; x_wconf 90' lang='lat' dir='ltr'>ab</span> <span class='ocrx_word' id='word_1_115' title='bbox 722 1459 999 1509; x_wconf 90' lang='lat' dir='ltr'>hominibus,</span> <span class='ocrx_word' id='word_1_116' title='bbox 1047 1462 1176 1499; x_wconf 85' lang='lat' dir='ltr'>antea</span> 
     </span>
     <span class='ocr_line' id='line_1_19' title="bbox 298 1521 1176 1569; baseline -0.002 -9"><span class='ocrx_word' id='word_1_117' title='bbox 298 1521 478 1569; x_wconf 72' lang='lat' dir='ltr'>invidis,</span> <span class='ocrx_word' id='word_1_118' title='bbox 513 1522 638 1561; x_wconf 90' lang='lat' dir='ltr'>iustis</span> <span class='ocrx_word' id='word_1_119' title='bbox 669 1521 916 1560; x_wconf 88' lang='lat' dir='ltr'>honoribus</span> <span class='ocrx_word' id='word_1_120' title='bbox 952 1521 1098 1561; x_wconf 86' lang='lat' dir='ltr'>affecti</span> <span class='ocrx_word' id='word_1_121' title='bbox 1125 1532 1176 1559; x_wconf 86' lang='lat' dir='ltr'>ac</span> 
     </span>
     <span class='ocr_line' id='line_1_20' title="bbox 296 1581 1178 1634; baseline -0.002 -12"><span class='ocrx_word' id='word_1_122' title='bbox 296 1594 376 1634; x_wconf 91' lang='lat' dir='ltr'>pro</span> <span class='ocrx_word' id='word_1_123' title='bbox 408 1583 474 1622; x_wconf 90' lang='lat' dir='ltr'>dis</span> <span class='ocrx_word' id='word_1_124' title='bbox 505 1581 609 1622; x_wconf 85' lang='lat' dir='ltr'>culti</span> <span class='ocrx_word' id='word_1_125' title='bbox 640 1584 762 1622; x_wconf 90' lang='lat' dir='ltr'>sunt:</span> <span class='ocrx_word' id='word_1_126' title='bbox 806 1582 1047 1633; x_wconf 88' lang='lat' dir='ltr'>sapientius</span> <span class='ocrx_word' id='word_1_127' title='bbox 1078 1583 1178 1632; x_wconf 87' lang='lat' dir='ltr'>qui-</span> 
     </span>
     <span class='ocr_line' id='line_1_21' title="bbox 297 1643 1174 1692; baseline -0.002 -8"><span class='ocrx_word' id='word_1_128' title='bbox 297 1645 401 1684; x_wconf 88' lang='lat' dir='ltr'>dem</span> <span class='ocrx_word' id='word_1_129' title='bbox 418 1646 477 1692; x_wconf 87' lang='lat' dir='ltr'>te,</span> <span class='ocrx_word' id='word_1_130' title='bbox 500 1643 663 1683; x_wconf 76' lang='lat' dir='ltr'>invidia</span> <span class='ocrx_word' id='word_1_131' title='bbox 684 1645 914 1692; x_wconf 89' lang='lat' dir='ltr'>maiorem,</span> <span class='ocrx_word' id='word_1_132' title='bbox 939 1645 1025 1683; x_wconf 89' lang='lat' dir='ltr'>iam</span> <span class='ocrx_word' id='word_1_133' title='bbox 1043 1654 1174 1691; x_wconf 85' lang='lat' dir='ltr'>nunc,</span> 
     </span>
     <span class='ocr_line' id='line_1_22' title="bbox 298 1704 1180 1756; baseline -0.002 -10"><span class='ocrx_word' id='word_1_134' title='bbox 298 1709 347 1746; x_wconf 89' lang='lat' dir='ltr'>ut</span> <span class='ocrx_word' id='word_1_135' title='bbox 376 1706 588 1753; x_wconf 86' lang='lat' dir='ltr'>mereris,</span> <span class='ocrx_word' id='word_1_136' title='bbox 621 1707 860 1744; x_wconf 89' lang='lat' dir='ltr'>veneratur</span> <span class='ocrx_word' id='word_1_137' title='bbox 888 1704 1077 1756; x_wconf 90' lang='lat' dir='ltr'>populus</span> <span class='ocrx_word' id='word_1_138' title='bbox 1098 1707 1180 1745; x_wconf 88' lang='lat' dir='ltr'>Ro-</span> 
     </span>
    </p>
   </div>
   <div class='ocr_carea' id='block_1_15' title="bbox 297 1767 1181 1818">
    <p class='ocr_par' dir='ltr' id='par_1_15' title="bbox 297 1767 1181 1818">
     <span class='ocr_line' id='line_1_23' title="bbox 297 1767 1181 1818; baseline -0.001 -11"><span class='ocrx_word' id='word_1_139' title='bbox 297 1779 481 1814; x_wconf 89' lang='lat' dir='ltr'>manus;</span> <span class='ocrx_word' id='word_1_140' title='bbox 516 1767 596 1807; x_wconf 88' lang='lat' dir='ltr'>sed</span> <span class='ocrx_word' id='word_1_141' title='bbox 626 1767 746 1807; x_wconf 89' lang='lat' dir='ltr'>idem</span> <span class='ocrx_word' id='word_1_142' title='bbox 767 1768 810 1806; x_wconf 91' lang='lat' dir='ltr'>in</span> <span class='ocrx_word' id='word_1_143' title='bbox 832 1769 1065 1818; x_wconf 77' lang='lat' dir='ltr'>poetarum</span> <span class='ocrx_word' id='word_1_144' title='bbox 1086 1777 1181 1806; x_wconf 91' lang='lat' dir='ltr'>me-</span> 
     </span>
    </p>
   </div>
   <div class='ocr_carea' id='block_1_16' title="bbox 298 1829 1182 3483">
    <p class='ocr_par' dir='ltr' id='par_1_16' title="bbox 298 1829 1182 3483">
     <span class='ocr_line' id='line_1_24' title="bbox 298 1829 1177 1870; baseline -0.002 -1"><span class='ocrx_word' id='word_1_145' title='bbox 298 1831 389 1870; x_wconf 88' lang='lat' dir='ltr'>ritis</span> <span class='ocrx_word' id='word_1_146' title='bbox 419 1840 526 1868; x_wconf 70' lang='lat' dir='ltr'>vere</span> <span class='ocrx_word' id='word_1_147' title='bbox 557 1829 841 1868; x_wconf 83' lang='lat' dir='ltr'>aestimandis</span> <span class='ocrx_word' id='word_1_148' title='bbox 879 1830 1025 1868; x_wconf 91' lang='lat' dir='ltr'>minus</span> <span class='ocrx_word' id='word_1_149' title='bbox 1055 1830 1177 1868; x_wconf 88' lang='lat' dir='ltr'>recto</span> 
     </span>
     <span class='ocr_line' id='line_1_25' title="bbox 298 1888 1175 1937; baseline -0.003 -7"><span class='ocrx_word' id='word_1_150' title='bbox 298 1891 459 1930; x_wconf 87' lang='lat' dir='ltr'>iudicio</span> <span class='ocrx_word' id='word_1_151' title='bbox 481 1891 543 1929; x_wconf 90' lang='lat' dir='ltr'>uti</span> <span class='ocrx_word' id='word_1_152' title='bbox 565 1890 838 1929; x_wconf 82' lang='lat' dir='ltr'>consuevit.»</span> <span class='ocrx_word' id='word_1_153' title='bbox 880 1889 942 1928; x_wconf 86' lang='lat' dir='ltr'>Cf.</span> <span class='ocrx_word' id='word_1_154' title='bbox 968 1888 1047 1928; x_wconf 89' lang='lat' dir='ltr'>Od.</span> <span class='ocrx_word' id='word_1_155' title='bbox 1071 1889 1110 1937; x_wconf 92' lang='lat'>3,</span> <span class='ocrx_word' id='word_1_156' title='bbox 1136 1888 1175 1937; x_wconf 86' lang='lat'>3,</span> 
     </span>
     <span class='ocr_line' id='line_1_26' title="bbox 301 1949 1179 2003; baseline -0.005 -11"><span class='ocrx_word' id='word_1_157' title='bbox 301 1953 325 1991; x_wconf 83' lang='grc'><strong>9</strong></span> <span class='ocrx_word' id='word_1_158' title='bbox 347 1963 447 2003; x_wconf 86' lang='lat' dir='ltr'>sqq.</span> <span class='ocrx_word' id='word_1_159' title='bbox 495 1952 601 1991; x_wconf 82' lang='lat' dir='ltr'>Mira</span> <span class='ocrx_word' id='word_1_160' title='bbox 646 1952 738 1990; x_wconf 90' lang='lat' dir='ltr'>arte</span> <span class='ocrx_word' id='word_1_161' title='bbox 770 1949 990 1990; x_wconf 79' lang='lat' dir='ltr'>vocabulo</span> <span class='ocrx_word' id='word_1_162' title='bbox 1023 1950 1179 1989; x_wconf 80' lang='lat' dir='ltr'>Caesar</span> 
     </span>
     <span class='ocr_line' id='line_1_27' title="bbox 300 2012 1179 2063; baseline -0.003 -10"><span class='ocrx_word' id='word_1_163' title='bbox 300 2014 525 2063; x_wconf 80' lang='lat' dir='ltr'>subiungit</span> <span class='ocrx_word' id='word_1_164' title='bbox 543 2024 584 2051; x_wconf 87' lang='lat' dir='ltr'>v.</span> <span class='ocrx_word' id='word_1_165' title='bbox 608 2013 826 2058; x_wconf 74' lang='lat' dir='ltr'>Romulus3</span> <span class='ocrx_word' id='word_1_166' title='bbox 852 2023 954 2051; x_wconf 89' lang='lat' dir='ltr'>nam</span> <span class='ocrx_word' id='word_1_167' title='bbox 977 2012 1179 2051; x_wconf 79' lang='lat' dir='ltr'>Octavia-</span> 
     </span>
     <span class='ocr_line' id='line_1_28' title="bbox 300 2073 1179 2121; baseline -0.005 -6"><span class='ocrx_word' id='word_1_168' title='bbox 300 2086 382 2115; x_wconf 91' lang='lat' dir='ltr'>nus</span> <span class='ocrx_word' id='word_1_169' title='bbox 413 2074 524 2114; x_wconf 88' lang='lat' dir='ltr'>alter</span> <span class='ocrx_word' id='word_1_170' title='bbox 554 2074 749 2113; x_wconf 76' lang='lat' dir='ltr'>Romulus</span> <span class='ocrx_word' id='word_1_171' title='bbox 780 2073 879 2121; x_wconf 86' lang='lat' dir='ltr'>fuit,</span> <span class='ocrx_word' id='word_1_172' title='bbox 922 2075 969 2112; x_wconf 84' lang='lat' dir='ltr'>ut</span> <span class='ocrx_word' id='word_1_173' title='bbox 1000 2075 1179 2112; x_wconf 87' lang='lat' dir='ltr'>senato-</span> 
     </span>
     <span class='ocr_line' id='line_1_29' title="bbox 300 2133 1181 2186; baseline -0.001 -11"><span class='ocrx_word' id='word_1_174' title='bbox 300 2148 371 2177; x_wconf 90' lang='lat' dir='ltr'>res</span> <span class='ocrx_word' id='word_1_175' title='bbox 402 2134 597 2175; x_wconf 91' lang='lat' dir='ltr'>nonnulli</span> <span class='ocrx_word' id='word_1_176' title='bbox 619 2146 722 2174; x_wconf 90' lang='lat' dir='ltr'>eum</span> <span class='ocrx_word' id='word_1_177' title='bbox 743 2133 1056 2186; x_wconf 87' lang='lat' dir='ltr'>appellandum</span> <span class='ocrx_word' id='word_1_178' title='bbox 1079 2145 1181 2174; x_wconf 90' lang='lat' dir='ltr'>cen-</span> 
     </span>
     <span class='ocr_line' id='line_1_30' title="bbox 300 2195 1180 2248; baseline -0.003 -10"><span class='ocrx_word' id='word_1_179' title='bbox 300 2200 499 2239; x_wconf 85' lang='lat' dir='ltr'>suerant:</span> <span class='ocrx_word' id='word_1_180' title='bbox 548 2195 791 2248; x_wconf 84' lang='lat' dir='ltr'>praevaluit</span> <span class='ocrx_word' id='word_1_181' title='bbox 828 2198 978 2236; x_wconf 88' lang='lat' dir='ltr'>tamen</span> <span class='ocrx_word' id='word_1_182' title='bbox 1006 2197 1180 2247; x_wconf 71' lang='lat' dir='ltr'>Auyusti</span> 
     </span>
     <span class='ocr_line' id='line_1_31' title="bbox 300 2258 1175 2299; baseline -0.001 0"><span class='ocrx_word' id='word_1_183' title='bbox 300 2271 477 2299; x_wconf 89' lang='lat' dir='ltr'>nomen.</span> <span class='ocrx_word' id='word_1_184' title='bbox 503 2260 682 2298; x_wconf 91' lang='lat' dir='ltr'>Sueton.</span> <span class='ocrx_word' id='word_1_185' title='bbox 703 2259 852 2298; x_wconf 84' lang='lat' dir='ltr'>OctaV.</span> <span class='ocrx_word' id='word_1_186' title='bbox 873 2259 910 2297; x_wconf 80' lang='lat'>7.</span> <span class='ocrx_word' id='word_1_187' title='bbox 953 2258 1033 2297; x_wconf 90' lang='lat' dir='ltr'>Dio</span> <span class='ocrx_word' id='word_1_188' title='bbox 1052 2259 1175 2298; x_wconf 91' lang='lat' dir='ltr'>Cass.</span> 
     </span>
     <span class='ocr_line' id='line_1_32' title="bbox 300 2315 1179 2375; baseline -0.002 -14"><span class='ocrx_word' id='word_1_189' title='bbox 300 2321 375 2367; x_wconf 81' lang='lat'>53,</span> <span class='ocrx_word' id='word_1_190' title='bbox 411 2322 483 2360; x_wconf 75' lang='lat'>46:</span> <span class='ocrx_word' id='word_1_191' title='bbox 525 2315 572 2358; x_wconf 80' lang='lat' dir='ltr'>‘O</span> <span class='ocrx_word' id='word_1_192' title='bbox 603 2320 792 2375; x_wconf 75' lang='grc' dir='ltr'><em>Καῖσαρ</em></span> <span class='ocrx_word' id='word_1_193' title='bbox 832 2316 1061 2371; x_wconf 76' lang='grc' dir='ltr'>ἐπεθύμει</span> <span class='ocrx_word' id='word_1_194' title='bbox 1089 2319 1179 2372; x_wconf 77' lang='grc' dir='ltr'>μὲν</span> 
     </span>
     <span class='ocr_line' id='line_1_33' title="bbox 303 2376 1176 2438; baseline -0.001 -15"><span class='ocrx_word' id='word_1_195' title='bbox 303 2380 511 2438; x_wconf 80' lang='grc' dir='ltr'><strong><em>ἰσχυρῶς</em></strong></span> <span class='ocrx_word' id='word_1_196' title='bbox 535 2377 776 2433; x_wconf 78' lang='grc' dir='ltr'><em>Ῥωμύλος</em></span> <span class='ocrx_word' id='word_1_197' title='bbox 808 2376 1148 2435; x_wconf 76' lang='grc' dir='ltr'><em>ὀνομασθῆναι</em></span> <span class='ocrx_word' id='word_1_198' title='bbox 1167 2395 1176 2403; x_wconf 88' lang='grc'><em>·</em></span> 
     </span>
     <span class='ocr_line' id='line_1_34' title="bbox 302 2439 1179 2497; baseline -0.003 -11"><span class='ocrx_word' id='word_1_199' title='bbox 302 2444 599 2497; x_wconf 75' lang='grc' dir='ltr'><em>αἰσθόμενος</em></span> <span class='ocrx_word' id='word_1_200' title='bbox 621 2443 671 2484; x_wconf 77' lang='grc' dir='ltr'>δὲ</span> <span class='ocrx_word' id='word_1_201' title='bbox 693 2440 767 2483; x_wconf 85' lang='grc' dir='ltr'>ὅτι</span> <span class='ocrx_word' id='word_1_202' title='bbox 788 2439 1105 2485; x_wconf 76' lang='grc' dir='ltr'><em>ὑποπτεύεται</em></span> <span class='ocrx_word' id='word_1_203' title='bbox 1126 2444 1179 2485; x_wconf 76' lang='grc' dir='ltr'>ἐκ</span> 
     </span>
     <span class='ocr_line' id='line_1_35' title="bbox 301 2504 1177 2560; baseline -0.001 -13"><span class='ocrx_word' id='word_1_204' title='bbox 301 2504 475 2547; x_wconf 81' lang='grc' dir='ltr'><em>τούτου</em></span> <span class='ocrx_word' id='word_1_205' title='bbox 517 2504 602 2558; x_wconf 78' lang='grc' dir='ltr'>τῆς</span> <span class='ocrx_word' id='word_1_206' title='bbox 631 2505 880 2556; x_wconf 78' lang='grc' dir='ltr'><em>βασιλείας</em></span> <span class='ocrx_word' id='word_1_207' title='bbox 910 2506 1177 2560; x_wconf 71' lang='grc' dir='ltr'>ἐπιθυμεῖν,</span> 
     </span>
     <span class='ocr_line' id='line_1_36' title="bbox 303 2564 1180 2620; baseline -0.001 -10"><span class='ocrx_word' id='word_1_208' title='bbox 303 2565 456 2610; x_wconf 79' lang='grc' dir='ltr'><em>οὐκέτ’</em></span> <span class='ocrx_word' id='word_1_209' title='bbox 479 2564 627 2608; x_wconf 73' lang='grc' dir='ltr'><em>αἰτοῦ</em></span> <span class='ocrx_word' id='word_1_210' title='bbox 650 2564 1004 2620; x_wconf 75' lang='grc' dir='ltr'><em>ἀντεποιήσατο</em></span> <span class='ocrx_word' id='word_1_211' title='bbox 1020 2599 1029 2617; x_wconf 91' lang='lat'>,</span> <span class='ocrx_word' id='word_1_212' title='bbox 1057 2565 1180 2609; x_wconf 79' lang='grc' dir='ltr'><em>ἀλλὰ</em></span> 
     </span>
     <span class='ocr_line' id='line_1_37' title="bbox 303 2625 1180 2685; baseline 0 -13"><span class='ocrx_word' id='word_1_213' title='bbox 303 2627 603 2684; x_wconf 72' lang='grc' dir='ltr'><em>Αὔγουστος,</em></span> <span class='ocrx_word' id='word_1_214' title='bbox 649 2625 714 2680; x_wconf 78' lang='grc' dir='ltr'>ὦς</span> <span class='ocrx_word' id='word_1_215' title='bbox 756 2631 837 2670; x_wconf 81' lang='grc' dir='ltr'>καὶ</span> <span class='ocrx_word' id='word_1_216' title='bbox 883 2628 1045 2671; x_wconf 80' lang='grc' dir='ltr'><strong><em>πλεῖόν</em></strong></span> <span class='ocrx_word' id='word_1_217' title='bbox 1074 2644 1118 2672; x_wconf 85' lang='grc' dir='ltr'>τι</span> <span class='ocrx_word' id='word_1_218' title='bbox 1148 2626 1180 2685; x_wconf 76' lang='grc' dir='ltr'><em>ἢ</em></span> 
     </span>
     <span class='ocr_line' id='line_1_38' title="bbox 302 2687 1176 2749; baseline 0.001 -16"><span class='ocrx_word' id='word_1_219' title='bbox 302 2690 426 2733; x_wconf 79' lang='grc' dir='ltr'><em>κατὰ</em></span> <span class='ocrx_word' id='word_1_220' title='bbox 465 2688 751 2749; x_wconf 73' lang='grc' dir='ltr'><em>ἀνθρώπους</em></span> <span class='ocrx_word' id='word_1_221' title='bbox 782 2687 872 2741; x_wconf 79' lang='grc' dir='ltr'>ὦν,</span> <span class='ocrx_word' id='word_1_222' title='bbox 918 2690 1176 2747; x_wconf 74' lang='grc' dir='ltr'><em>ἐπεκλήθη.</em></span> 
     </span>
     <span class='ocr_line' id='line_1_39' title="bbox 307 2755 1180 2806; baseline 0.002 -12"><span class='ocrx_word' id='word_1_223' title='bbox 307 2779 350 2783; x_wconf 92' lang='grc'>--</span> <span class='ocrx_word' id='word_1_224' title='bbox 383 2757 476 2795; x_wconf 84' lang='lat' dir='ltr'>Post</span> <span class='ocrx_word' id='word_1_225' title='bbox 510 2755 697 2806; x_wconf 62' lang='lat' dir='ltr'>ingentia</span> <span class='ocrx_word' id='word_1_226' title='bbox 730 2755 847 2805; x_wconf 79' lang='lat' dir='ltr'>facta</span> <span class='ocrx_word' id='word_1_227' title='bbox 887 2757 989 2805; x_wconf 91' lang='lat' dir='ltr'>cet.]</span> <span class='ocrx_word' id='word_1_228' title='bbox 1046 2759 1180 2796; x_wconf 87' lang='lat' dir='ltr'>«Post</span> 
     </span>
     <span class='ocr_line' id='line_1_40' title="bbox 303 2817 1180 2868; baseline 0.001 -12"><span class='ocrx_word' id='word_1_229' title='bbox 303 2827 376 2856; x_wconf 91' lang='lat' dir='ltr'>res</span> <span class='ocrx_word' id='word_1_230' title='bbox 407 2819 553 2867; x_wconf 80' lang='lat' dir='ltr'>gestas</span> <span class='ocrx_word' id='word_1_231' title='bbox 584 2817 742 2856; x_wconf 85' lang='lat' dir='ltr'>eximia</span> <span class='ocrx_word' id='word_1_232' title='bbox 762 2818 934 2857; x_wconf 81' lang='lat' dir='ltr'>virtutis</span> <span class='ocrx_word' id='word_1_233' title='bbox 967 2817 1103 2868; x_wconf 81' lang='lat' dir='ltr'>gloria</span> <span class='ocrx_word' id='word_1_234' title='bbox 1137 2819 1180 2858; x_wconf 89' lang='lat' dir='ltr'>in</span> 
     </span>
     <span class='ocr_line' id='line_1_41' title="bbox 303 2877 1181 2929; baseline 0.002 -13"><span class='ocrx_word' id='word_1_235' title='bbox 303 2880 572 2929; x_wconf 90' lang='lat' dir='ltr'>perpetuum</span> <span class='ocrx_word' id='word_1_236' title='bbox 592 2877 906 2918; x_wconf 88' lang='lat' dir='ltr'>memorabiles</span> <span class='ocrx_word' id='word_1_237' title='bbox 929 2879 972 2918; x_wconf 91' lang='lat' dir='ltr'>in</span> <span class='ocrx_word' id='word_1_238' title='bbox 993 2879 1181 2918; x_wconf 89' lang='lat' dir='ltr'>deorum</span> 
     </span>
     <span class='ocr_line' id='line_1_42' title="bbox 306 2938 1181 2991; baseline 0.001 -13"><span class='ocrx_word' id='word_1_239' title='bbox 306 2950 543 2979; x_wconf 84' lang='lat' dir='ltr'>numerum</span> <span class='ocrx_word' id='word_1_240' title='bbox 563 2938 730 2978; x_wconf 87' lang='lat' dir='ltr'>relati.»</span> <span class='ocrx_word' id='word_1_241' title='bbox 756 2939 939 2979; x_wconf 90' lang='lat' dir='ltr'>Bentleii</span> <span class='ocrx_word' id='word_1_242' title='bbox 956 2942 1069 2980; x_wconf 89' lang='lat' dir='ltr'>coni.</span> <span class='ocrx_word' id='word_1_243' title='bbox 1086 2941 1181 2991; x_wconf 79' lang='lat' dir='ltr'>fata</span> 
     </span>
     <span class='ocr_line' id='line_1_43' title="bbox 304 3000 1181 3041; baseline 0.002 -3"><span class='ocrx_word' id='word_1_244' title='bbox 304 3000 506 3039; x_wconf 87' lang='lat' dir='ltr'>firmatur</span> <span class='ocrx_word' id='word_1_245' title='bbox 535 3010 653 3039; x_wconf 90' lang='lat' dir='ltr'>nunc</span> <span class='ocrx_word' id='word_1_246' title='bbox 673 3000 727 3039; x_wconf 88' lang='lat' dir='ltr'>ab</span> <span class='ocrx_word' id='word_1_247' title='bbox 750 3011 838 3040; x_wconf 89' lang='lat' dir='ltr'>uno</span> <span class='ocrx_word' id='word_1_248' title='bbox 860 3001 1071 3040; x_wconf 85' lang='lat' dir='ltr'>Schmidii</span> <span class='ocrx_word' id='word_1_249' title='bbox 1095 3002 1181 3041; x_wconf 92' lang='lat' dir='ltr'>Co-</span> 
     </span>
     <span class='ocr_line' id='line_1_44' title="bbox 306 3061 1181 3114; baseline 0.001 -13"><span class='ocrx_word' id='word_1_250' title='bbox 306 3062 426 3110; x_wconf 83' lang='lat' dir='ltr'>dice,</span> <span class='ocrx_word' id='word_1_251' title='bbox 474 3061 554 3101; x_wconf 89' lang='lat' dir='ltr'>sed</span> <span class='ocrx_word' id='word_1_252' title='bbox 599 3072 743 3112; x_wconf 88' lang='lat' dir='ltr'>neque</span> <span class='ocrx_word' id='word_1_253' title='bbox 784 3065 934 3113; x_wconf 89' lang='lat' dir='ltr'>aptum</span> <span class='ocrx_word' id='word_1_254' title='bbox 967 3065 1034 3103; x_wconf 88' lang='lat' dir='ltr'>est</span> <span class='ocrx_word' id='word_1_255' title='bbox 1063 3063 1181 3114; x_wconf 88' lang='lat' dir='ltr'>apud</span> 
     </span>
     <span class='ocr_line' id='line_1_45' title="bbox 306 3123 1181 3177; baseline 0 -12"><span class='ocrx_word' id='word_1_256' title='bbox 306 3124 534 3165; x_wconf 88' lang='lat' dir='ltr'>Horatium</span> <span class='ocrx_word' id='word_1_257' title='bbox 567 3124 752 3174; x_wconf 82' lang='lat' dir='ltr'>fatorum</span> <span class='ocrx_word' id='word_1_258' title='bbox 786 3123 1005 3164; x_wconf 78' lang='grc' dir='ltr'><em>ἐπίθετον</em></span> <span class='ocrx_word' id='word_1_259' title='bbox 1034 3127 1181 3177; x_wconf 68' lang='lat' dir='ltr'>inqen-</span> 
     </span>
     <span class='ocr_line' id='line_1_46' title="bbox 303 3185 1180 3235; baseline 0.001 -10"><span class='ocrx_word' id='word_1_260' title='bbox 303 3187 388 3233; x_wconf 77' lang='grc' dir='ltr'>ιὶα,</span> <span class='ocrx_word' id='word_1_261' title='bbox 421 3195 503 3224; x_wconf 91' lang='lat' dir='ltr'>nec</span> <span class='ocrx_word' id='word_1_262' title='bbox 524 3185 680 3224; x_wconf 87' lang='lat' dir='ltr'>Bacchi</span> <span class='ocrx_word' id='word_1_263' title='bbox 706 3187 969 3235; x_wconf 87' lang='lat' dir='ltr'>praesertim</span> <span class='ocrx_word' id='word_1_264' title='bbox 990 3190 1180 3226; x_wconf 89' lang='lat' dir='ltr'>mortem</span> 
     </span>
     <span class='ocr_line' id='line_1_47' title="bbox 307 3247 1177 3298; baseline 0.001 -11"><span class='ocrx_word' id='word_1_265' title='bbox 307 3258 559 3287; x_wconf 90' lang='lat' dir='ltr'>memorare</span> <span class='ocrx_word' id='word_1_266' title='bbox 588 3248 763 3298; x_wconf 82' lang='lat' dir='ltr'>poterat</span> <span class='ocrx_word' id='word_1_267' title='bbox 790 3249 935 3298; x_wconf 77' lang='lat' dir='ltr'>poeta.</span> <span class='ocrx_word' id='word_1_268' title='bbox 980 3248 1041 3288; x_wconf 88' lang='lat' dir='ltr'>Cf.</span> <span class='ocrx_word' id='word_1_269' title='bbox 1066 3247 1177 3288; x_wconf 85' lang='lat' dir='ltr'>Flor.</span> 
     </span>
     <span class='ocr_line' id='line_1_48' title="bbox 308 3308 1182 3360; baseline 0.001 -11"><span class='ocrx_word' id='word_1_270' title='bbox 308 3308 353 3357; x_wconf 76' lang='lat'>4,</span> <span class='ocrx_word' id='word_1_271' title='bbox 390 3310 460 3357; x_wconf 66' lang='grc' dir='ltr'>ΛΞ,</span> <span class='ocrx_word' id='word_1_272' title='bbox 499 3309 573 3349; x_wconf 84' lang='lat'>66:</span> <span class='ocrx_word' id='word_1_273' title='bbox 623 3308 680 3347; x_wconf 85' lang='lat' dir='ltr'>Ob</span> <span class='ocrx_word' id='word_1_274' title='bbox 707 3309 807 3348; x_wconf 81' lang='lat' dir='ltr'>haec</span> <span class='ocrx_word' id='word_1_275' title='bbox 837 3313 894 3348; x_wconf 77' lang='lat' dir='ltr'>tot</span> <span class='ocrx_word' id='word_1_276' title='bbox 930 3310 1077 3360; x_wconf 81' lang='lat' dir='ltr'>facta</span> <span class='ocrx_word' id='word_1_277' title='bbox 1106 3311 1182 3350; x_wconf 82' lang='lat' dir='ltr'>in-</span> 
     </span>
     <span class='ocr_line' id='line_1_49' title="bbox 309 3371 1182 3422; baseline 0.002 -12"><span class='ocrx_word' id='word_1_278' title='bbox 309 3371 478 3421; x_wconf 66' lang='lat' dir='ltr'>gentia</span> <span class='ocrx_word' id='word_1_279' title='bbox 522 3371 700 3410; x_wconf 76' lang='lat' dir='ltr'>dictator</span> <span class='ocrx_word' id='word_1_280' title='bbox 735 3375 962 3420; x_wconf 80' lang='lat' dir='ltr'>perpetuus</span> <span class='ocrx_word' id='word_1_281' title='bbox 990 3376 1028 3411; x_wconf 84' lang='lat' dir='ltr'>ct</span> <span class='ocrx_word' id='word_1_282' title='bbox 1055 3377 1182 3422; x_wconf 80' lang='lat' dir='ltr'>pater</span> 
     </span>
     <span class='ocr_line' id='line_1_50' title="bbox 304 3432 1181 3483; baseline 0.002 -11"><span class='ocrx_word' id='word_1_283' title='bbox 304 3433 474 3482; x_wconf 78' lang='lat' dir='ltr'>patriae</span> <span class='ocrx_word' id='word_1_284' title='bbox 517 3433 647 3472; x_wconf 84' lang='lat' dir='ltr'>dictus</span> <span class='ocrx_word' id='word_1_285' title='bbox 685 3432 967 3483; x_wconf 82' lang='lat' dir='ltr'>(Augustus).</span> <span class='ocrx_word' id='word_1_286' title='bbox 1005 3457 1048 3462; x_wconf 97' lang='lat'>—</span> <span class='ocrx_word' id='word_1_287' title='bbox 1083 3435 1181 3474; x_wconf 83' lang='lat' dir='ltr'>cleo·</span> 
     </span>
    </p>
   </div>
   <div class='ocr_carea' id='block_1_17' title="bbox 1240 1335 2125 3489">
    <p class='ocr_par' dir='ltr' id='par_1_17' title="bbox 1240 1335 2121 1632">
     <span class='ocr_line' id='line_1_51' title="bbox 1240 1335 2120 1387; baseline -0.001 -12"><span class='ocrx_word' id='word_1_288' title='bbox 1240 1335 1385 1383; x_wconf 85' lang='lat' dir='ltr'>bus,»</span> <span class='ocrx_word' id='word_1_289' title='bbox 1418 1335 1736 1386; x_wconf 79' lang='lat' dir='ltr'>significatione</span> <span class='ocrx_word' id='word_1_290' title='bbox 1767 1347 1808 1374; x_wconf 89' lang='lat' dir='ltr'>v.</span> <span class='ocrx_word' id='word_1_291' title='bbox 1832 1335 1986 1386; x_wconf 80' lang='lat' dir='ltr'>templa</span> <span class='ocrx_word' id='word_1_292' title='bbox 2014 1346 2120 1387; x_wconf 89' lang='lat' dir='ltr'>pro-</span> 
     </span>
     <span class='ocr_line' id='line_1_52' title="bbox 1241 1396 2121 1449; baseline 0.001 -13"><span class='ocrx_word' id='word_1_293' title='bbox 1241 1398 1358 1449; x_wconf 87' lang='lat' dir='ltr'>pria,</span> <span class='ocrx_word' id='word_1_294' title='bbox 1404 1409 1516 1439; x_wconf 89' lang='lat' dir='ltr'>non:</span> <span class='ocrx_word' id='word_1_295' title='bbox 1572 1399 1650 1437; x_wconf 88' lang='lat' dir='ltr'>«in</span> <span class='ocrx_word' id='word_1_296' title='bbox 1694 1396 1917 1447; x_wconf 91' lang='lat' dir='ltr'>caelum,»</span> <span class='ocrx_word' id='word_1_297' title='bbox 1960 1399 2010 1437; x_wconf 88' lang='lat' dir='ltr'>ut</span> <span class='ocrx_word' id='word_1_298' title='bbox 2053 1398 2121 1438; x_wconf 87' lang='lat' dir='ltr'>est</span> 
     </span>
     <span class='ocr_line' id='line_1_53' title="bbox 1242 1457 2116 1510; baseline -0.001 -12"><span class='ocrx_word' id='word_1_299' title='bbox 1242 1459 1361 1510; x_wconf 89' lang='lat' dir='ltr'>apud</span> <span class='ocrx_word' id='word_1_300' title='bbox 1390 1460 1580 1499; x_wconf 88' lang='lat' dir='ltr'>Ennium</span> <span class='ocrx_word' id='word_1_301' title='bbox 1623 1460 1775 1510; x_wconf 86' lang='lat' dir='ltr'>(Varro</span> <span class='ocrx_word' id='word_1_302' title='bbox 1806 1460 1853 1498; x_wconf 87' lang='lat' dir='ltr'>L.</span> <span class='ocrx_word' id='word_1_303' title='bbox 1886 1461 1932 1498; x_wconf 96' lang='lat' dir='ltr'>L.</span> <span class='ocrx_word' id='word_1_304' title='bbox 1965 1459 2006 1508; x_wconf 85' lang='lat'>7,</span> <span class='ocrx_word' id='word_1_305' title='bbox 2037 1457 2116 1508; x_wconf 87' lang='lat'><strong>6.):</strong></span> 
     </span>
     <span class='ocr_line' id='line_1_54' title="bbox 1246 1521 2121 1571; baseline 0.001 -12"><span class='ocrx_word' id='word_1_306' title='bbox 1246 1522 1356 1559; x_wconf 82' lang='lat' dir='ltr'>Unus</span> <span class='ocrx_word' id='word_1_307' title='bbox 1384 1521 1481 1570; x_wconf 78' lang='lat' dir='ltr'>erit,</span> <span class='ocrx_word' id='word_1_308' title='bbox 1516 1533 1634 1571; x_wconf 81' lang='lat' dir='ltr'>quem</span> <span class='ocrx_word' id='word_1_309' title='bbox 1664 1525 1709 1561; x_wconf 84' lang='lat' dir='ltr'>tu</span> <span class='ocrx_word' id='word_1_310' title='bbox 1738 1522 1850 1562; x_wconf 82' lang='lat' dir='ltr'>tolles</span> <span class='ocrx_word' id='word_1_311' title='bbox 1876 1521 1921 1560; x_wconf 78' lang='lat' dir='ltr'>in</span> <span class='ocrx_word' id='word_1_312' title='bbox 1949 1521 2121 1561; x_wconf 81' lang='lat' dir='ltr'>caerula</span> 
     </span>
     <span class='ocr_line' id='line_1_55' title="bbox 1241 1583 1557 1632; baseline -0.003 -10"><span class='ocrx_word' id='word_1_313' title='bbox 1241 1583 1346 1622; x_wconf 72' lang='lat' dir='ltr'>caeli</span> <span class='ocrx_word' id='word_1_314' title='bbox 1378 1583 1557 1632; x_wconf 80' lang='lat' dir='ltr'>Templa.</span> 
     </span>
    </p>

    <p class='ocr_par' dir='ltr' id='par_1_18' title="bbox 1241 1644 2125 3167">
     <span class='ocr_line' id='line_1_56' title="bbox 1297 1644 2120 1696; baseline 0.002 -13"><span class='ocrx_word' id='word_1_315' title='bbox 1297 1645 1388 1683; x_wconf 81' lang='lat'>7-9.</span> <span class='ocrx_word' id='word_1_316' title='bbox 1435 1646 1549 1685; x_wconf 83' lang='lat' dir='ltr'>Dum</span> <span class='ocrx_word' id='word_1_317' title='bbox 1568 1668 1590 1674; x_wconf 88' lang='lat'>—</span> <span class='ocrx_word' id='word_1_318' title='bbox 1609 1666 1627 1673; x_wconf 92' lang='lat'><em>-</em></span> <span class='ocrx_word' id='word_1_319' title='bbox 1649 1646 1854 1695; x_wconf 79' lang='lat' dir='ltr'>condunt,</span> <span class='ocrx_word' id='word_1_320' title='bbox 1884 1644 2120 1696; x_wconf 80' lang='lat' dir='ltr'>Ploravere]</span> 
     </span>
     <span class='ocr_line' id='line_1_57' title="bbox 1244 1704 2121 1756; baseline 0.003 -13"><span class='ocrx_word' id='word_1_321' title='bbox 1244 1706 1313 1744; x_wconf 89' lang='lat' dir='ltr'>Sic</span> <span class='ocrx_word' id='word_1_322' title='bbox 1343 1706 1616 1756; x_wconf 81' lang='lat' dir='ltr'>iungendum</span> <span class='ocrx_word' id='word_1_323' title='bbox 1647 1709 1737 1755; x_wconf 82' lang='lat' dir='ltr'>est,</span> <span class='ocrx_word' id='word_1_324' title='bbox 1775 1718 1864 1756; x_wconf 86' lang='lat' dir='ltr'>non</span> <span class='ocrx_word' id='word_1_325' title='bbox 1895 1718 1997 1747; x_wconf 89' lang='lat' dir='ltr'>cum</span> <span class='ocrx_word' id='word_1_326' title='bbox 2027 1704 2121 1746; x_wconf 90' lang='lat' dir='ltr'>aliis</span> 
     </span>
     <span class='ocr_line' id='line_1_58' title="bbox 1243 1766 2120 1820; baseline 0.001 -14"><span class='ocrx_word' id='word_1_327' title='bbox 1243 1766 1373 1817; x_wconf 88' lang='lat' dir='ltr'>plene</span> <span class='ocrx_word' id='word_1_328' title='bbox 1414 1767 1774 1818; x_wconf 82' lang='lat' dir='ltr'>distinguendum</span> <span class='ocrx_word' id='word_1_329' title='bbox 1813 1770 1916 1820; x_wconf 91' lang='lat' dir='ltr'>post</span> <span class='ocrx_word' id='word_1_330' title='bbox 1943 1780 1986 1809; x_wconf 92' lang='lat' dir='ltr'>v.</span> <span class='ocrx_word' id='word_1_331' title='bbox 2018 1779 2120 1807; x_wconf 77' lang='lat' dir='ltr'>con-</span> 
     </span>
     <span class='ocr_line' id='line_1_59' title="bbox 1244 1829 2122 1870; baseline 0.005 -4"><span class='ocrx_word' id='word_1_332' title='bbox 1244 1829 1357 1867; x_wconf 78' lang='lat' dir='ltr'>dunt.</span> <span class='ocrx_word' id='word_1_333' title='bbox 1406 1830 1498 1868; x_wconf 88' lang='lat' dir='ltr'>Hoc</span> <span class='ocrx_word' id='word_1_334' title='bbox 1530 1830 1648 1869; x_wconf 92' lang='lat' dir='ltr'>enim</span> <span class='ocrx_word' id='word_1_335' title='bbox 1671 1830 1801 1870; x_wconf 87' lang='lat' dir='ltr'>dicit:</span> <span class='ocrx_word' id='word_1_336' title='bbox 1837 1832 1985 1870; x_wconf 92' lang='lat' dir='ltr'>«Dum</span> <span class='ocrx_word' id='word_1_337' title='bbox 2003 1830 2122 1870; x_wconf 88' lang='lat' dir='ltr'>bene</span> 
     </span>
     <span class='ocr_line' id='line_1_60' title="bbox 1244 1890 2124 1943; baseline 0.003 -14"><span class='ocrx_word' id='word_1_338' title='bbox 1244 1891 1474 1929; x_wconf 89' lang='lat' dir='ltr'>merentur</span> <span class='ocrx_word' id='word_1_339' title='bbox 1504 1890 1558 1929; x_wconf 93' lang='lat' dir='ltr'>de</span> <span class='ocrx_word' id='word_1_340' title='bbox 1589 1890 1866 1941; x_wconf 89' lang='lat' dir='ltr'>hominibus,</span> <span class='ocrx_word' id='word_1_341' title='bbox 1899 1903 2031 1943; x_wconf 85' lang='lat' dir='ltr'>aegre</span> <span class='ocrx_word' id='word_1_342' title='bbox 2056 1894 2124 1932; x_wconf 88' lang='lat' dir='ltr'>tu-</span> 
     </span>
     <span class='ocr_line' id='line_1_61' title="bbox 1243 1951 2122 2004; baseline 0.003 -13"><span class='ocrx_word' id='word_1_343' title='bbox 1243 1951 1335 1991; x_wconf 90' lang='lat' dir='ltr'>lere</span> <span class='ocrx_word' id='word_1_344' title='bbox 1381 1962 1607 2003; x_wconf 88' lang='lat' dir='ltr'>saepeque</span> <span class='ocrx_word' id='word_1_345' title='bbox 1648 1955 1881 2004; x_wconf 82' lang='lat' dir='ltr'>conquesti</span> <span class='ocrx_word' id='word_1_346' title='bbox 1924 1956 2028 1994; x_wconf 89' lang='lat' dir='ltr'>sunt</span> <span class='ocrx_word' id='word_1_347' title='bbox 2066 1954 2122 1994; x_wconf 92' lang='lat' dir='ltr'>de</span> 
     </span>
     <span class='ocr_line' id='line_1_62' title="bbox 1244 2013 2124 2064; baseline 0.005 -12"><span class='ocrx_word' id='word_1_348' title='bbox 1244 2015 1412 2064; x_wconf 84' lang='lat' dir='ltr'>ingrato</span> <span class='ocrx_word' id='word_1_349' title='bbox 1444 2013 1617 2053; x_wconf 89' lang='lat' dir='ltr'>illorum</span> <span class='ocrx_word' id='word_1_350' title='bbox 1648 2016 1819 2055; x_wconf 85' lang='lat' dir='ltr'>animo»</span> <span class='ocrx_word' id='word_1_351' title='bbox 1843 2017 1929 2055; x_wconf 87' lang='lat' dir='ltr'>cet.</span> <span class='ocrx_word' id='word_1_352' title='bbox 1955 2039 2001 2044; x_wconf 92' lang='lat'>—</span> <span class='ocrx_word' id='word_1_353' title='bbox 2030 2016 2124 2056; x_wconf 85' lang='lat' dir='ltr'>Ter-</span> 
     </span>
     <span class='ocr_line' id='line_1_63' title="bbox 1243 2076 2124 2128; baseline 0.005 -14"><span class='ocrx_word' id='word_1_354' title='bbox 1243 2087 1317 2115; x_wconf 81' lang='lat' dir='ltr'>ras</span> <span class='ocrx_word' id='word_1_355' title='bbox 1346 2076 1478 2115; x_wconf 82' lang='lat' dir='ltr'>colere</span> <span class='ocrx_word' id='word_1_356' title='bbox 1508 2079 1576 2116; x_wconf 92' lang='lat' dir='ltr'>est</span> <span class='ocrx_word' id='word_1_357' title='bbox 1608 2078 1836 2128; x_wconf 83' lang='lat' dir='ltr'>«regiones</span> <span class='ocrx_word' id='word_1_358' title='bbox 1863 2077 2036 2119; x_wconf 88' lang='lat' dir='ltr'>steriles</span> <span class='ocrx_word' id='word_1_359' title='bbox 2055 2079 2124 2118; x_wconf 85' lang='lat' dir='ltr'>at-</span> 
     </span>
     <span class='ocr_line' id='line_1_64' title="bbox 1246 2138 2124 2189; baseline 0.003 -12"><span class='ocrx_word' id='word_1_360' title='bbox 1246 2149 1332 2189; x_wconf 89' lang='lat' dir='ltr'>que</span> <span class='ocrx_word' id='word_1_361' title='bbox 1363 2149 1544 2189; x_wconf 85' lang='lat' dir='ltr'>asperas</span> <span class='ocrx_word' id='word_1_362' title='bbox 1578 2138 1743 2179; x_wconf 86' lang='lat' dir='ltr'>fertiles</span> <span class='ocrx_word' id='word_1_363' title='bbox 1772 2139 2017 2189; x_wconf 85' lang='lat' dir='ltr'>reddere»,</span> <span class='ocrx_word' id='word_1_364' title='bbox 2047 2140 2124 2180; x_wconf 86' lang='lat' dir='ltr'>ho-</span> 
     </span>
     <span class='ocr_line' id='line_1_65' title="bbox 1245 2200 2124 2250; baseline 0.003 -11"><span class='ocrx_word' id='word_1_365' title='bbox 1245 2201 1405 2239; x_wconf 79' lang='lat' dir='ltr'>minum</span> <span class='ocrx_word' id='word_1_366' title='bbox 1432 2211 1561 2250; x_wconf 64' lang='lat' dir='ltr'>genus</span> <span class='ocrx_word' id='word_1_367' title='bbox 1589 2201 1743 2250; x_wconf 81' lang='lat' dir='ltr'>colere,</span> <span class='ocrx_word' id='word_1_368' title='bbox 1779 2201 1972 2241; x_wconf 85' lang='lat' dir='ltr'>«artibus</span> <span class='ocrx_word' id='word_1_369' title='bbox 1994 2202 2039 2241; x_wconf 91' lang='lat' dir='ltr'>et</span> <span class='ocrx_word' id='word_1_370' title='bbox 2062 2200 2124 2242; x_wconf 91' lang='lat' dir='ltr'>le-</span> 
     </span>
     <span class='ocr_line' id='line_1_66' title="bbox 1246 2261 2125 2315; baseline 0.002 -13"><span class='ocrx_word' id='word_1_371' title='bbox 1246 2263 1373 2314; x_wconf 81' lang='lat' dir='ltr'>gibus</span> <span class='ocrx_word' id='word_1_372' title='bbox 1395 2261 1603 2302; x_wconf 87' lang='lat' dir='ltr'>mortales</span> <span class='ocrx_word' id='word_1_373' title='bbox 1626 2262 1820 2315; x_wconf 86' lang='lat' dir='ltr'>expolire</span> <span class='ocrx_word' id='word_1_374' title='bbox 1838 2279 1880 2313; x_wconf 85' lang='lat'>‚»</span> <span class='ocrx_word' id='word_1_375' title='bbox 1912 2275 2039 2315; x_wconf 73' lang='lat' dir='ltr'>ayros</span> <span class='ocrx_word' id='word_1_376' title='bbox 2057 2276 2125 2304; x_wconf 86' lang='lat' dir='ltr'>as-</span> 
     </span>
     <span class='ocr_line' id='line_1_67' title="bbox 1244 2321 2121 2379; baseline 0.003 -15"><span class='ocrx_word' id='word_1_377' title='bbox 1244 2327 1412 2376; x_wconf 67' lang='lat' dir='ltr'>siynarc</span> <span class='ocrx_word' id='word_1_378' title='bbox 1453 2325 1708 2366; x_wconf 89' lang='lat' dir='ltr'>hominibus</span> <span class='ocrx_word' id='word_1_379' title='bbox 1738 2321 2121 2379; x_wconf 21' lang='lat' dir='ltr'>voladdcovbcilua-</span> 
     </span>
     <span class='ocr_line' id='line_1_68' title="bbox 1245 2385 2120 2439; baseline 0.003 -12"><span class='ocrx_word' id='word_1_380' title='bbox 1245 2385 1423 2439; x_wconf 76' lang='grc' dir='ltr'><em>ξοβίων</em></span> <span class='ocrx_word' id='word_1_381' title='bbox 1452 2387 1588 2426; x_wconf 80' lang='lat' dir='ltr'>vitam</span> <span class='ocrx_word' id='word_1_382' title='bbox 1615 2389 1714 2427; x_wconf 90' lang='lat' dir='ltr'>ante</span> <span class='ocrx_word' id='word_1_383' title='bbox 1737 2388 1984 2438; x_wconf 81' lang='lat' dir='ltr'>agentibus,</span> <span class='ocrx_word' id='word_1_384' title='bbox 2018 2400 2120 2430; x_wconf 92' lang='lat' dir='ltr'>«eos</span> 
     </span>
     <span class='ocr_line' id='line_1_69' title="bbox 1243 2447 2122 2500; baseline 0.003 -13"><span class='ocrx_word' id='word_1_385' title='bbox 1243 2460 1383 2488; x_wconf 91' lang='lat' dir='ltr'>unum</span> <span class='ocrx_word' id='word_1_386' title='bbox 1413 2449 1456 2487; x_wconf 91' lang='lat' dir='ltr'>in</span> <span class='ocrx_word' id='word_1_387' title='bbox 1485 2447 1633 2488; x_wconf 90' lang='lat' dir='ltr'>locum</span> <span class='ocrx_word' id='word_1_388' title='bbox 1664 2460 1955 2500; x_wconf 83' lang='lat' dir='ltr'>congregare,</span> <span class='ocrx_word' id='word_1_389' title='bbox 1989 2451 2122 2491; x_wconf 89' lang='lat' dir='ltr'>certis</span> 
     </span>
     <span class='ocr_line' id='line_1_70' title="bbox 1246 2509 2122 2552; baseline 0.002 -1"><span class='ocrx_word' id='word_1_390' title='bbox 1246 2510 1428 2551; x_wconf 90' lang='lat' dir='ltr'>sedibus</span> <span class='ocrx_word' id='word_1_391' title='bbox 1461 2509 1617 2550; x_wconf 88' lang='lat' dir='ltr'>datis.»</span> <span class='ocrx_word' id='word_1_392' title='bbox 1651 2511 1714 2551; x_wconf 88' lang='lat' dir='ltr'>Cf.</span> <span class='ocrx_word' id='word_1_393' title='bbox 1738 2510 1952 2552; x_wconf 89' lang='lat' dir='ltr'>illustrem</span> <span class='ocrx_word' id='word_1_394' title='bbox 1973 2510 2122 2552; x_wconf 89' lang='lat' dir='ltr'>locum</span> 
     </span>
     <span class='ocr_line' id='line_1_71' title="bbox 1247 2571 2123 2622; baseline 0.002 -10"><span class='ocrx_word' id='word_1_395' title='bbox 1247 2574 1335 2613; x_wconf 90' lang='lat' dir='ltr'>Cic.</span> <span class='ocrx_word' id='word_1_396' title='bbox 1361 2572 1416 2612; x_wconf 91' lang='lat' dir='ltr'>de</span> <span class='ocrx_word' id='word_1_397' title='bbox 1447 2574 1615 2612; x_wconf 89' lang='lat' dir='ltr'>Invent.</span> <span class='ocrx_word' id='word_1_398' title='bbox 1648 2574 1694 2622; x_wconf 76' lang='lat'>4,</span> <span class='ocrx_word' id='word_1_399' title='bbox 1726 2574 1766 2612; x_wconf 74' lang='lat'>2.</span> <span class='ocrx_word' id='word_1_400' title='bbox 1813 2571 1944 2613; x_wconf 87' lang='lat' dir='ltr'>Solita</span> <span class='ocrx_word' id='word_1_401' title='bbox 1971 2576 2123 2614; x_wconf 90' lang='lat' dir='ltr'>autem</span> 
     </span>
     <span class='ocr_line' id='line_1_72' title="bbox 1244 2633 2124 2687; baseline 0.002 -13"><span class='ocrx_word' id='word_1_402' title='bbox 1244 2636 1288 2674; x_wconf 93' lang='lat' dir='ltr'>in</span> <span class='ocrx_word' id='word_1_403' title='bbox 1324 2635 1408 2674; x_wconf 86' lang='lat' dir='ltr'>hac</span> <span class='ocrx_word' id='word_1_404' title='bbox 1446 2645 1495 2673; x_wconf 88' lang='lat' dir='ltr'>re</span> <span class='ocrx_word' id='word_1_405' title='bbox 1536 2633 1722 2674; x_wconf 85' lang='lat' dir='ltr'>formula</span> <span class='ocrx_word' id='word_1_406' title='bbox 1751 2646 1878 2686; x_wconf 63' lang='grc' dir='ltr'><em>αρτ-οε</em></span> <span class='ocrx_word' id='word_1_407' title='bbox 1906 2636 2124 2687; x_wconf 69' lang='lat' dir='ltr'>assiqnare</span> 
     </span>
     <span class='ocr_line' id='line_1_73' title="bbox 1244 2696 2122 2748; baseline 0.002 -12"><span class='ocrx_word' id='word_1_408' title='bbox 1244 2707 1352 2736; x_wconf 91' lang='lat' dir='ltr'>usus</span> <span class='ocrx_word' id='word_1_409' title='bbox 1383 2697 1487 2736; x_wconf 86' lang='lat' dir='ltr'>satis</span> <span class='ocrx_word' id='word_1_410' title='bbox 1518 2696 1733 2746; x_wconf 81' lang='lat' dir='ltr'>significat</span> <span class='ocrx_word' id='word_1_411' title='bbox 1761 2696 1806 2735; x_wconf 93' lang='lat' dir='ltr'>id</span> <span class='ocrx_word' id='word_1_412' title='bbox 1839 2696 1895 2736; x_wconf 91' lang='lat' dir='ltr'>ab</span> <span class='ocrx_word' id='word_1_413' title='bbox 1925 2700 2122 2748; x_wconf 82' lang='lat' dir='ltr'>Augusto</span> 
     </span>
     <span class='ocr_line' id='line_1_74' title="bbox 1246 2758 2122 2809; baseline 0.005 -12"><span class='ocrx_word' id='word_1_414' title='bbox 1246 2769 1423 2809; x_wconf 89' lang='lat' dir='ltr'>quoque</span> <span class='ocrx_word' id='word_1_415' title='bbox 1463 2760 1700 2797; x_wconf 89' lang='lat' dir='ltr'>veteranos</span> <span class='ocrx_word' id='word_1_416' title='bbox 1742 2758 2030 2800; x_wconf 88' lang='lat' dir='ltr'>Caesarianos</span> <span class='ocrx_word' id='word_1_417' title='bbox 2069 2771 2122 2801; x_wconf 90' lang='lat' dir='ltr'>ac</span> 
     </span>
     <span class='ocr_line' id='line_1_75' title="bbox 1245 2820 2122 2871; baseline 0.002 -11"><span class='ocrx_word' id='word_1_418' title='bbox 1245 2831 1349 2860; x_wconf 92' lang='lat' dir='ltr'>suos</span> <span class='ocrx_word' id='word_1_419' title='bbox 1364 2821 1677 2859; x_wconf 88' lang='lat' dir='ltr'>remunerante</span> <span class='ocrx_word' id='word_1_420' title='bbox 1692 2821 1871 2871; x_wconf 90' lang='lat' dir='ltr'>proprio</span> <span class='ocrx_word' id='word_1_421' title='bbox 1881 2820 2007 2861; x_wconf 91' lang='lat' dir='ltr'>verbi</span> <span class='ocrx_word' id='word_1_422' title='bbox 2023 2833 2122 2862; x_wconf 90' lang='lat' dir='ltr'>sen-</span> 
     </span>
     <span class='ocr_line' id='line_1_76' title="bbox 1245 2881 2120 2933; baseline 0.006 -14"><span class='ocrx_word' id='word_1_423' title='bbox 1245 2892 1297 2920; x_wconf 87' lang='lat' dir='ltr'>su</span> <span class='ocrx_word' id='word_1_424' title='bbox 1330 2881 1492 2920; x_wconf 87' lang='lat' dir='ltr'>factum</span> <span class='ocrx_word' id='word_1_425' title='bbox 1524 2891 1641 2921; x_wconf 89' lang='lat' dir='ltr'>esse.</span> <span class='ocrx_word' id='word_1_426' title='bbox 1668 2902 1712 2910; x_wconf 88' lang='lat'><em>-</em></span> <span class='ocrx_word' id='word_1_427' title='bbox 1746 2881 1940 2933; x_wconf 76' lang='lat' dir='ltr'>condunt]</span> <span class='ocrx_word' id='word_1_428' title='bbox 1972 2885 2120 2924; x_wconf 89' lang='lat' dir='ltr'>Lectio</span> 
     </span>
     <span class='ocr_line' id='line_1_77' title="bbox 1241 2943 2121 2995; baseline 0.007 -16"><span class='ocrx_word' id='word_1_429' title='bbox 1241 2943 1415 2992; x_wconf 79' lang='lat' dir='ltr'>firmant</span> <span class='ocrx_word' id='word_1_430' title='bbox 1450 2953 1502 2981; x_wconf 83' lang='lat' dir='ltr'>ex</span> <span class='ocrx_word' id='word_1_431' title='bbox 1540 2943 1590 2982; x_wconf 89' lang='lat' dir='ltr'>iis</span> <span class='ocrx_word' id='word_1_432' title='bbox 1631 2945 1720 2991; x_wconf 91' lang='lat' dir='ltr'>est,</span> <span class='ocrx_word' id='word_1_433' title='bbox 1767 2955 1881 2995; x_wconf 89' lang='lat' dir='ltr'>quae</span> <span class='ocrx_word' id='word_1_434' title='bbox 1911 2956 1999 2985; x_wconf 91' lang='lat' dir='ltr'>non</span> <span class='ocrx_word' id='word_1_435' title='bbox 2031 2947 2121 2986; x_wconf 88' lang='lat' dir='ltr'>tam</span> 
     </span>
     <span class='ocr_line' id='line_1_78' title="bbox 1245 3002 2118 3057; baseline 0.006 -15"><span class='ocrx_word' id='word_1_436' title='bbox 1245 3002 1568 3054; x_wconf 87' lang='lat' dir='ltr'>interpolationi</span> <span class='ocrx_word' id='word_1_437' title='bbox 1621 3004 1820 3045; x_wconf 91' lang='lat' dir='ltr'>consulto</span> <span class='ocrx_word' id='word_1_438' title='bbox 1870 3007 2118 3057; x_wconf 85' lang='lat' dir='ltr'>quaesitae,</span> 
     </span>
     <span class='ocr_line' id='line_1_79' title="bbox 1246 3061 2122 3122; baseline 0.006 -19"><span class='ocrx_word' id='word_1_439' title='bbox 1246 3075 1381 3115; x_wconf 87' lang='lat' dir='ltr'>quam</span> <span class='ocrx_word' id='word_1_440' title='bbox 1425 3076 1576 3106; x_wconf 89' lang='lat' dir='ltr'>merae</span> <span class='ocrx_word' id='word_1_441' title='bbox 1613 3061 1830 3122; x_wconf 73' lang='grc' dir='ltr'><em>ἀβλεψίᾳ</em></span> <span class='ocrx_word' id='word_1_442' title='bbox 1858 3067 1928 3108; x_wconf 85' lang='lat' dir='ltr'>vel</span> <span class='ocrx_word' id='word_1_443' title='bbox 1957 3068 2122 3110; x_wconf 87' lang='lat' dir='ltr'>levitati</span> 
     </span>
     <span class='ocr_line' id='line_1_80' title="bbox 1246 3127 1480 3167; baseline 0.004 -1"><span class='ocrx_word' id='word_1_444' title='bbox 1246 3127 1480 3167; x_wconf 86' lang='lat' dir='ltr'>debentur.</span> 
     </span>
    </p>

    <p class='ocr_par' dir='ltr' id='par_1_19' title="bbox 1244 3188 2122 3489">
     <span class='ocr_line' id='line_1_81' title="bbox 1301 3188 2122 3244; baseline 0.006 -16"><span class='ocrx_word' id='word_1_445' title='bbox 1301 3188 1445 3229; x_wconf 71' lang='lat'>40-44.</span> <span class='ocrx_word' id='word_1_446' title='bbox 1479 3190 1549 3238; x_wconf 79' lang='lat' dir='ltr'>qui</span> <span class='ocrx_word' id='word_1_447' title='bbox 1577 3192 1761 3231; x_wconf 79' lang='lat' dir='ltr'>contudit</span> <span class='ocrx_word' id='word_1_448' title='bbox 1787 3192 1979 3244; x_wconf 77' lang='lat' dir='ltr'>hydram]</span> <span class='ocrx_word' id='word_1_449' title='bbox 2011 3193 2122 3233; x_wconf 90' lang='lat' dir='ltr'>Her—</span> 
     </span>
     <span class='ocr_line' id='line_1_82' title="bbox 1246 3245 2122 3307; baseline 0.006 -19"><span class='ocrx_word' id='word_1_450' title='bbox 1246 3249 1367 3289; x_wconf 86' lang='lat' dir='ltr'>cules</span> <span class='ocrx_word' id='word_1_451' title='bbox 1398 3247 1460 3303; x_wconf 77' lang='grc' dir='ltr'><em>τῷ</em></span> <span class='ocrx_word' id='word_1_452' title='bbox 1483 3245 1678 3307; x_wconf 77' lang='grc' dir='ltr'><em>ῥοπάλῳ</em></span> <span class='ocrx_word' id='word_1_453' title='bbox 1697 3249 1783 3303; x_wconf 85' lang='grc' dir='ltr'>τὰς</span> <span class='ocrx_word' id='word_1_454' title='bbox 1803 3250 2019 3303; x_wconf 81' lang='grc' dir='ltr'><em>κεφαλὰς</em></span> <span class='ocrx_word' id='word_1_455' title='bbox 2038 3248 2122 3294; x_wconf 77' lang='grc' dir='ltr'>αὖ·</span> 
     </span>
     <span class='ocr_line' id='line_1_83' title="bbox 1244 3307 2122 3366; baseline 0.007 -16"><span class='ocrx_word' id='word_1_456' title='bbox 1244 3307 1330 3364; x_wconf 79' lang='grc' dir='ltr'>τῆς</span> <span class='ocrx_word' id='word_1_457' title='bbox 1349 3307 1546 3364; x_wconf 67' lang='grc' dir='ltr'><em>ἔκοψεν.</em></span> <span class='ocrx_word' id='word_1_458' title='bbox 1578 3314 1778 3366; x_wconf 90' lang='lat' dir='ltr'>Apollod.</span> <span class='ocrx_word' id='word_1_459' title='bbox 1802 3317 1850 3365; x_wconf 75' lang='lat'>2,</span> <span class='ocrx_word' id='word_1_460' title='bbox 1873 3317 1920 3364; x_wconf 87' lang='lat'>5,</span> <span class='ocrx_word' id='word_1_461' title='bbox 1945 3317 1984 3355; x_wconf 71' lang='lat'>2.</span> <span class='ocrx_word' id='word_1_462' title='bbox 2019 3318 2122 3356; x_wconf 86' lang='lat' dir='ltr'>Pro-</span> 
     </span>
     <span class='ocr_line' id='line_1_84' title="bbox 1244 3375 2117 3429; baseline 0.007 -17"><span class='ocrx_word' id='word_1_463' title='bbox 1244 3375 1338 3426; x_wconf 90' lang='lat' dir='ltr'>prie</span> <span class='ocrx_word' id='word_1_464' title='bbox 1361 3375 1490 3425; x_wconf 80' lang='lat' dir='ltr'>igitur</span> <span class='ocrx_word' id='word_1_465' title='bbox 1503 3378 1687 3416; x_wconf 76' lang='lat' dir='ltr'>contudit</span> <span class='ocrx_word' id='word_1_466' title='bbox 1707 3377 1813 3417; x_wconf 83' lang='lat' dir='ltr'>dixit</span> <span class='ocrx_word' id='word_1_467' title='bbox 1830 3388 1912 3429; x_wconf 91' lang='lat' dir='ltr'>pro</span> <span class='ocrx_word' id='word_1_468' title='bbox 1930 3379 2117 3427; x_wconf 77' lang='lat' dir='ltr'>peremit.</span> 
     </span>
     <span class='ocr_line' id='line_1_85' title="bbox 1246 3435 2119 3489; baseline 0.007 -15"><span class='ocrx_word' id='word_1_469' title='bbox 1246 3435 1309 3475; x_wconf 86' lang='lat' dir='ltr'>Cf.</span> <span class='ocrx_word' id='word_1_470' title='bbox 1334 3436 1412 3476; x_wconf 92' lang='lat' dir='ltr'>Od.</span> <span class='ocrx_word' id='word_1_471' title='bbox 1443 3436 1489 3486; x_wconf 74' lang='lat'>4,</span> <span class='ocrx_word' id='word_1_472' title='bbox 1524 3437 1570 3486; x_wconf 76' lang='lat'>4,</span> <span class='ocrx_word' id='word_1_473' title='bbox 1604 3439 1648 3477; x_wconf 72' lang='lat'>6⁴</span> <span class='ocrx_word' id='word_1_474' title='bbox 1686 3449 1753 3488; x_wconf 87' lang='lat' dir='ltr'>sq.</span> <span class='ocrx_word' id='word_1_475' title='bbox 1790 3460 1835 3466; x_wconf 93' lang='lat'>—-</span> <span class='ocrx_word' id='word_1_476' title='bbox 1866 3438 2119 3489; x_wconf 82' lang='lat' dir='ltr'>fatali-la-</span> 
     </span>
    </p>
   </div>
  </div>
 </body>
</html>
