2231 3787
822 225 919 263 Ans
957 224 1198 263 POETICA.

1831 223 1930 273 74³5

179 354 278 405 Aut
320 353 591 406 immunda
631 362 852 424 crepent
890 354 1355 424 ignominiosaque
1397 355 1561 417 dicta,

180 454 539 508 Oll'enduntur
579 456 745 515 enim,
789 454 987 526 quibus
1027 463 1108 508 est
1147 472 1321 525 equus
1362 464 1412 509 et
1452 465 1603 526 pater
1642 466 1693 510 et
1734 474 1845 519 rcS,

178 556 309 612 Nee,
353 557 394 608 si
436 557 565 627 quid
607 557 737 610 fricti
779 557 969 611 ciceris
1008 556 1200 628 probat
1239 565 1290 610 ct
1328 558 1480 611 nucis
1520 567 1753 629 emptor,

176 658 376 727 Aequis
417 658 684 728 accipiunt
722 658 910 711 animis
951 658 1217 712 donantve
1260 677 1474 713 corona.

1827 662 1930 713 ⁶250

183 758 401 829 Syllaba
440 758 596 828 longa
637 759 785 812 brevi
827 760 1070 814 subiecta
1109 769 1330 814 vocatur
1368 761 1600 816 iambus,

215 932 307 972 ⁴247.
341 933 543 971 inmunda
575 931 652 971 Td.
684 955 725 959 —
751 932 874 984 dicta]
908 932 1033 972 verba
1065 934 1255 984 Excepta
1292 935 1579 985 Frisingensia
1613 938 1656 975 et·
1687 936 1763 976 Ed.
1790 937 1876 977 Mc-

161 994 261 1034 ‹liol.
299 994 417 1034 lsi-76.
463 1018 503 1022 —
544 993 637 1034 ⁵249.
676 994 802 1044 fracti
834 995 922 1043 BT,
972 996 1076 1034 item
1108 1006 1220 1034 corr.
1257 995 1356 1035 bcd.
1404 1019 1444 1023 —
1488 997 1582 1037 ⁶250.
1617 998 1772 1038 donant
1805 1011 1877 1039 co-

161 1070 266 1097 rona
300 1059 345 1105 13,
379 1059 614 1105 donantque
645 1068 801 1096 corona
831 1068 899 1108 cp.
928 1081 969 1085 —
996 1059 1089 1097 0251.
1125 1059 1277 1109 longa]
1318 1071 1433 1099 recma
1457 1061 1510 1108 B,
1546 1072 1630 1100 non
1662 1074 1796 1109 nona,
1831 1065 1877 1102 ut

164 1117 417 1159 llautlialius
449 1121 610 1158 narrat.
650 1141 692 1146 —-
726 1119 943 1158 subiuncta
973 1120 1017 1158 T.

106 1270 188 1311 sihi
221 1271 427 1317 caveant,
462 1281 516 1309 ne
549 1270 624 1308 aut
646 1270 905 1318 iuvenentur,
941 1269 983 1309 id

106 1335 193 1380 est,
234 1334 358 1372 acuta
393 1334 436 1371 et
475 1332 630 1371 festiva
661 1332 773 1371 (licta
807 1334 985 1372 secten—

105 1399 200 1442 tur,
233 1395 499 1447 praesertim
531 1395 571 1433 in
604 1393 834 1444 omnibus,
869 1405 983 1445 quae

105 1459 257 1509 agunt,
291 1456 440 1496 verbis
472 1458 651 1496 utantur
682 1457 810 1496 nimis
842 1455 985 1496 molli-

105 1520 188 1560 bus
219 1531 270 1559 ae
302 1518 523 1566 delicatis,
571 1522 645 1558 aut
676 1520 798 1559 rudis
828 1519 986 1571 plebe—

105 1582 229 1623 culae
273 1583 410 1623 instar
458 1582 748 1633 ignominiose
794 1583 834 1621 in
879 1581 985 1622 alios

1051 1269 1231 1321 gulatim
1271 1282 1523 1313 memorare
1563 1273 1667 1313 nihil
1700 1273 1927 1314 attinebat.

1053 1355 1097 1361 -
1118 1334 1257 1386 pater]
1283 1335 1377 1374 sinc
1401 1338 1525 1386 patre
1549 1336 1638 1375 nati
1665 1335 1930 1377 dicebantur

1050 1397 1166 1435 servi
1187 1408 1238 1436 ac
1259 1395 1427 1446 liberti;
1460 1398 1675 1448 signifieat
1695 1399 1824 1449 igitur
1845 1400 1933 1439 «in-

1051 1470 1260 1509 genuos»
1279 1480 1317 1489 -
1339 1459 1419 1512 res]
1447 1460 1833 1511 «patrimonium»
1858 1462 1931 1501 His

1050 1520 1191 1561 tribus
1235 1523 1384 1562 autem
1423 1522 1566 1562 modis
1605 1524 1821 1574 significat
1849 1524 1932 1563 ho-

1051 1584 1194 1624 mines
1225 1582 1366 1624 cultos
1398 1586 1442 1624 et
1470 1583 1643 1636 politos.
1672 1609 1716 1614 —
1743 1586 1858 1637 fricti
1876 1587 1933 1626 ci-

105 1647 237 1695 atque
269 1655 429 1696 spurce
460 1643 718 1695 loquantum
754 1645 794 1683 in
817 1646 985 1685 utrovis
1017 1638 1020 1680 Ι
1050 1646 1155 1685 ceris
1184 1646 1285 1698 eet]
1325 1643 1482 1698 δῆμος
1516 1644 1804 1705 κυαμοτρὼξ
1833 1650 1931 1688 Ari-

107 1708 224 1747 enim
257 1718 400 1758 aeque
431 1706 623 1746 aberunt
653 1706 708 1746 ab
731 1708 892 1758 agresti
915 1706 985 1747 illa
1051 1709 1196 1760 steph.
1222 1709 1364 1760 Equit.
1390 1709 1476 1759 44„
1509 1710 1687 1751 infimus
1712 1711 1928 1764 popellus,

105 1769 312 1821 quidem,
360 1769 441 1809 sed
486 1770 632 1808 nativa
677 1769 982 1821 simplicitate,
1016 1769 1021 1824 Ι
1052 1771 1125 1820 qui
1171 1781 1252 1821 per
1293 1769 1465 1822 plateas
1507 1770 1605 1810 talia
1646 1773 1752 1812 emit
1789 1774 1930 1824 iisque

105 1843 218 1883 quae
261 1842 338 1872 eos
375 1832 505 1871 unice
537 1831 710 1871 decet.»
756 1831 858 1872 Aliis
890 1831 985 1883 pla—
1052 1833 1247 1882 quotidie
1270 1834 1478 1873 vescitur.
1514 1833 1577 1873 Cs.
1598 1834 1684 1873 Sat.
1706 1836 1743 1884 sl,
1769 1835 1808 1884 6,
1834 1836 1927 1875 115.

105 1894 222 1935 eebit
260 1893 342 1934 loci
378 1895 530 1944 utique
563 1892 816 1934 difficilioris
846 1894 985 1933 inter-
1051 1895 1185 1933 Nuces
1215 1893 1572 1945 complectuntur
1602 1897 1736 1936 etiam
1767 1896 1933 1937 avella-

104 1957 292 2009 pretatio
323 1968 347 1995 a
368 1955 708 1996 Mitscherliehio
739 1956 981 2007 proposita,
1052 1968 1131 1997 nas
1153 1958 1197 1995 et
1218 1958 1466 1996 castaneas.
1506 1956 1643 1997 Plaut.
1668 1960 1801 1998 Poen.
1828 1961 1865 2009 1,
1889 1961 1928 2009 2,

105 2031 238 2070 quam
292 2021 530 2070 propterea
581 2017 892 2058 exhibebimus
918 2013 985 2057 'in
1055 2020 1154 2058 445:
1186 2019 1300 2058 Nihil
1328 2020 1407 2058 nisi
1437 2020 1680 2070 laterculos,
1713 2022 1933 2062 sesamum

104 2083 299 2122 Excursu
322 2081 427 2120 VlII.
463 2081 594 2121 Munk
623 2080 677 2120 de
699 2079 825 2120 Atell.
853 2091 896 2131 p.
916 2080 983 2120 58.
1045 2091 1408 2131 papaveremque,
1433 2083 1616 2122 triticum
1637 2088 1675 2123 et
1691 2084 1840 2135 frictas
1857 2097 1934 2125 nu-

105 2157 174 2183 vv.
200 2143 292 2184 2¹15.
319 2145 360 2183 et
391 2143 484 2183 ⁵246.
518 2144 573 2182 ad
606 2144 788 2192 mimos,
822 2155 863 2182 V.
888 2141 983 2183 ⁵247.
1052 2153 1128 2182 ces.
1163 2141 1346 2182 Martial.
1372 2144 1418 2192 1,
1451 2143 1554 2193 1104,
1592 2145 1671 2184 40:
1702 2146 1798 2186 Asse
1825 2148 1934 2187 cicer

106 2207 161 2247 ad
182 2206 402 2247 Atellanas
423 2205 573 2245 refert.
612 2208 706 2245 Non
728 2205 909 2245 accedo.
938 2228 982 2233 —

104 2269 361 2321 iuvenentur]
392 2269 527 2309 Nobis
558 2280 675 2308 nune
707 2260 838 2319 ἅπαξ
859 2264 987 2321 λεγό-

106 2344 255 2385 μενον
272 2331 511 2372 formatum
529 2331 585 2371 ad
597 2333 869 2371 Graecorum
886 2342 989 2370 νεα-

105 2392 350 2436 νιεύεσθαι
366 2396 409 2434 et
419 2391 827 2452 μειρακιεύεσθαι,
846 2405 988 2434 «nunc

106 2458 291 2507 lascivo,
323 2469 439 2497 nune
461 2458 590 2498 nimis
611 2460 766 2497 tenero
788 2457 922 2497 modo
945 2459 989 2497 et

108 2532 210 2561 cum
256 2521 407 2559 nescio
454 2531 540 2570 qua
576 2519 739 2571 leporis
783 2520 989 2571 perpetui

107 2583 385 2623 assectatione
425 2584 540 2622 inter
576 2593 624 2622 se
659 2581 904 2632 colloqui,»
942 2583 989 2621 ut
1020 2588 1023 2637 ᾖ

107 2645 329 2687 faciebant
351 2646 577 2686 Ciceronis
602 2644 658 2684 illi
680 2643 900 2684 barbatuli
921 2645 989 2684 iu-
1019 2639 1023 2693 ξ

105 2720 266 2757 venes,
315 2706 523 2757 Caelius„
560 2706 762 2755 Clodius,
803 2705 984 2756 similes,

108 2782 212 2811 eum
243 2770 386 2810 sorum
418 2773 462 2810 et
492 2771 686 2821 porticus
709 2768 989 2820 perambula-

106 2832 229 2872 bant.
253 2856 296 2861 —
316 2833 548 2885 immunda]
573 2832 823 2873 «obseoena
842 2833 885 2871 et
902 2833 989 2871 tur-

108 2897 204 2947 pia,
239 2896 378 2946 magis
409 2898 511 2947 apta
542 2896 690 2936 mimis
714 2906 849 2947 quam
871 2897 990 2945 saty—

110 2958 212 2998 ris.»
231 2960 362 2997 Aeno.
379 2981 420 2985 -
441 2958 589 3006 quibus
605 2961 661 2997 est
673 2957 813 3009 equus]
833 2958 988 3008 «equi-
1018 2962 1021 2996 1

110 3022 177 3060 tes
209 3020 435 3059 Romani.»
487 3020 559 3059 His
598 3031 664 3058 vv.
701 3019 988 3070 designantur
1018 3016 1021 3041 ¹

110 3083 290 3122 omnino
322 3082 465 3130 cives,
510 3082 583 3132 qui
616 3093 753 3122 censu
789 3082 987 3132 equestri
1019 3087 1021 3095 ⁴

111 3146 237 3184 erant
264 3144 497 3183 minimum
521 3144 679 3184 CCCC.
705 3142 794 3183 mil.
820 3145 987 3184 sester-
1018 3146 1021 3177 1

108 3204 243 3253 tium,
267 3216 291 3244 a
309 3215 498 3255 quorum
522 3205 649 3256 igitur
663 3205 922 3257 parentibus
944 3204 989 3244 li-
1018 3222 1022 3261 g

112 3266 312 3307 beralem
329 3267 378 3306 iis
395 3266 716 3307 institutionem
734 3270 865 3318 atque
883 3266 989 3306 edu-
1018 3266 1022 3315 ζ

111 3329 331 3369 cationem
361 3331 644 3380 procuratam
669 3341 768 3370 esse
791 3330 883 3369 iure
910 3340 988 3369 ex-
1019 3317 1022 3388 ξ

113 3392 301 3443 spectari
322 3393 511 3443 poterat.
548 3415 590 3420 —
623 3392 750 3432 Viros
781 3393 988 3432 senatorii
1018 3397 1022 3472 i

114 3453 278 3495 ordinis
300 3464 387 3494 una
410 3452 741 3506 complectitur,
766 3465 878 3506 quos
902 3455 988 3494 sin-
1018 3474 1022 3490 ι

1052 2206 1234 2255 tepidum
1258 2204 1369 2255 (oleo
1392 2205 1581 2257 frictum)
1609 2212 1768 2248 constat
1788 2213 1825 2249 et
1844 2221 1934 2250 asse

1051 2279 1192 2307 venus.
1252 2269 1400 2308 Lectio
1443 2269 1571 2319 fracti
1613 2270 1757 2310 ciceris
1798 2283 1932 2312 sensu

1053 2329 1264 2369 destituta
1285 2333 1365 2371 est.
1393 2354 1437 2359 —
1458 2331 1610 2381 Aequis
1624 2354 1646 2360 —
1663 2334 1830 2383 animus]
1852 2334 1933 2375 Mi-

1053 2403 1136 2433 nus
1168 2393 1302 2433 etiam
1332 2394 1556 2446 accipiunt
1575 2396 1716 2436 animo
1735 2397 1934 2448 qaudenti

1053 2467 1103 2495 ac
1132 2455 1293 2505 libenti,
1329 2467 1464 2507 quem
1486 2468 1620 2506 aequo
1642 2458 1934 2509 quodammo-

1054 2519 1110 2558 do
1141 2520 1322 2570 opponit
1353 2520 1508 2560 Cicero
1539 2520 1595 2560 ad
1625 2522 1709 2561 Att.
1734 2522 1780 2571 2,
1812 2521 1858 2572 4,
1889 2523 1929 2562 ’2.

1107 2644 1310 2684 251-254.
1353 2644 1525 2694 Syllaba
1554 2645 1657 2697 eet]
1689 2647 1804 2686 Loco
1835 2657 1934 2687 ma-

1051 2707 1168 2746 xime
1211 2707 1313 2757 apto
1345 2708 1584 2758 praecepta
1615 2707 1669 2748 de
1701 2709 1932 2749 versifica—

1054 2769 1170 2808 tione
1204 2767 1334 2807 tradit
1365 2780 1433 2808 vv.
1458 2769 1661 2810 254-274.
1687 2770 1933 2823 etquidem

1054 2830 1108 2870 de
1141 2829 1289 2870 iambo
1320 2831 1651 2881 tantummodo3
1685 2844 1789 2873 nam
1811 2836 1934 2874 cete-

1053 2903 1127 2932 ros
1164 2903 1376 2934 numeros
1415 2895 1605 2934 tractare
1642 2895 1686 2935 in
1723 2896 1807 2935 hac
1837 2897 1934 2948 epi-

1054 2954 1162 2995 stola
1194 2955 1398 3006 putidum
1429 2955 1598 2997 fuisset.
1644 2958 1810 2998 Verum
1831 2970 1933 3000 cum

1054 3017 1108 3056 de
1154 3016 1325 3068 legibus
1365 3017 1499 3058 iambi
1537 3030 1560 3058 a
1599 3022 1741 3071 poetis
1771 3022 1934 3062 Latinis

1055 3078 1344 3130 negligentius
1365 3079 1579 3121 elaborati
1596 3084 1777 3124 acturus
1795 3085 1930 3132 esset,

1054 3141 1175 3181 vafre
1220 3143 1385 3195 incepit
1426 3155 1450 3183 a
1488 3144 1643 3195 primis
1682 3144 1930 3195 elementis,

1055 3206 1282 3255 tamquam
1316 3217 1466 3246 merus
1498 3217 1549 3247 ac
1571 3205 1758 3258 simplex
1790 3218 1934 3257 gram-

1054 3268 1256 3307 maticus.
1293 3269 1355 3308 De
1376 3269 1628 3320 praeceptis
1650 3269 1756 3319 ipsis
1777 3268 1830 3308 ef.
1855 3269 1934 3309 Te-

1054 3331 1304 3370 rentianum
1331 3332 1533 3371 Maurum
1558 3330 1737 3370 Lachm.
1763 3342 1804 3370 v,
1824 3331 1931 3372 2482

1054 3402 1171 3444 sqq,
1205 3394 1391 3433 Marium
1415 3392 1599 3433 Plotium
1622 3393 1750 3434 Gaisf.
1770 3404 1814 3445 p.
1834 3394 1928 3434 268.

1053 3454 1316 3495 Diomedem
1335 3454 1389 3495 de
1411 3454 1602 3506 pedibus
1620 3452 1748 3496 Gaisf.
1775 3466 1815 3507 p.
1834 3454 1927 3496 429.
