2231 3787
306 231 374 281 96
943 232 1151 271 nonnil
1184 232 1481 273 sxl‘uzARi'M

379 361 547 414 Nihilo
589 361 825 415 deterius
867 361 1113 416 dominae
1155 362 1235 414 ius
1275 380 1412 414 esse.
1490 359 1725 430 Rogabat

383 465 650 535 Denique.
694 481 790 517 cur
828 481 1065 534 uuquam
1103 463 1343 533 fugisset,
1386 463 1469 515 cui
1513 461 1641 514 satis
1679 477 1785 512 una

381 566 557 618 Farris
598 564 733 617 libra
772 565 930 623 soret,
975 563 1156 633 gracili
1199 563 1275 617 sic
1315 572 1530 633 tamque
1571 560 1780 632 pusillo.

385 669 610 719 Prorsus
650 665 881 719 iucunde
921 682 1146 718 coenam
1186 664 1537 734 produximus
1580 662 1734 715 illam.
2052 662 2118 713 70

382 766 669 821 Tendimus
709 765 830 819 hinc
869 774 1015 819 recta
1040 767 1429 826 Beneventum,
1473 763 1560 817 ubi
1593 762 1816 817 sedulus
1843 761 2041 834 hospes

382 871 555 922 Paene
595 884 805 920 macros
843 867 971 919 arsit
1013 865 1141 918 dum
1180 865 1365 919 turdos
1403 874 1582 919 versat
1619 865 1671 917 in
1715 864 1851 936 igni3

420 1034 485 1072 (Ξῖ.
519 1032 640 1071 Nullo
670 1032 848 1070 (leterius
878 1031 956 1078 Sc,
1003 1029 1163 1069 Nichilo
1209 1030 1288 1081 (pr.
1321 1030 1415 1069 Nilo
1446 1040 1560 1070 corr.
1598 1028 1720 1069 Nullo
1755 1029 1911 1080 marg.)
1957 1029 2067 1069 dete-

367 1096 452 1133 rius
481 1094 530 1137 d.
565 1093 754 1132 Deterius
783 1092 907 1131 nihilo
937 1102 980 1142 p,
1016 1091 1103 1130 duo
1133 1092 1324 1131 Pottierii
1347 1094 1390 1131 et
1411 1092 1565 1132 LCtFJ.
1602 1092 1667 1142 (Ut
1697 1102 1792 1138 nos,
1824 1091 1869 1140 b,
1904 1101 2069 1132 «mem-

365 1157 530 1197 branae
572 1167 749 1202 omues,
795 1166 910 1207 quae
950 1153 1079 1205 paulo
1117 1155 1384 1194 vetustiores
1426 1157 1549 1203 sunt,
1598 1156 1686 1194 tam
1717 1153 1905 1193 aliorum
1935 1163 2070 1204 quam

367 1223 587 1260 nostrae.»
619 1218 788 1267 BENTL.)
824 1241 868 1246 —
901 1218 967 1256 70.
998 1218 1267 1267 producimus
1294 1216 1384 1257 bcd
1415 1219 1458 1257 et
1489 1227 1603 1257 corr.
1638 1218 1683 1265 S,
1716 1230 1774 1270 γκ
1812 1227 1941 1256 «cum
1970 1214 2071 1268 plu-

367 1283 488 1323 ribus
519 1280 653 1329 aliis»,
701 1282 808 1320 item
852 1280 1046 1320 Pottierii
1091 1289 1247 1320 omnes
1291 1281 1470 1331 praeter
1511 1290 1648 1319 unum
1698 1280 1762 1319 42.
1824 1279 1893 1318 Sic
1937 1278 2070 1318 etiam

366 1343 585 1385 Bentleius
617 1346 660 1383 et
688 1343 724 1382 J.
761 1343 824 1392 (Ut
853 1353 957 1391 nos,
991 1353 1017 1393 p
1050 1344 1093 1381 et
1121 1352 1188 1392 pr.
1222 1342 1280 1391 S.)
1315 1363 1361 1370 —
1395 1342 1461 1380 74.
1494 1345 1603 1381 recte
1632 1339 1720 1380 bcd
1753 1340 1854 1390 (non
1885 1339 1976 1391 Sp).
2023 1362 2068 1369 —

366 1408 431 1446 ΤΞ.
466 1407 568 1445 arsi!
600 1416 762 1444 macros
791 1405 885 1444 LtF.
924 1424 968 1432 —
1004 1405 1147 1443 turdos
1176 1404 1273 1443 dum
1301 1402 1523 1443 Bentleius
1554 1403 1696 1443 tacite.
1760 1403 1842 1452 (Sic
1871 1401 1950 1442 Ed.
1979 1402 2072 1443 Me—

314 1535 354 1572 in
398 1530 616 1581 Aristoph.
661 1529 768 1569 Plut.
811 1528 882 1569 844
930 1539 1028 1579 sqq.
1062 1528 1187 1568 dives
1249 1527 1470 1568 bustiores
1497 1529 1736 1579 quaternas
1766 1527 1893 1567 farris
1923 1525 2059 1567 libras
2081 1527 2125 1566 in

314 1596 396 1633 iam
447 1593 583 1632 sactus
634 1589 813 1642 pallium
871 1601 1001 1630 suum
1051 1589 1189 1629 detri-
1250 1601 1364 1641 pane
1397 1592 1440 1629 et
1476 1589 1596 1641 pulte
1635 1589 1829 1640 quotidie
1859 1598 2126 1630 consumere

313 1661 405 1695 tum
432 1656 563 1705 atque
595 1651 768 1692 calceos
798 1654 974 1691 veteres
1007 1651 1091 1691 deo
1113 1651 1189 1691 de·
1251 1654 1468 1703 poterant.
1506 1676 1550 1680 —
1581 1652 1769 1702 Prorsus]
1801 1652 1894 1692 Hoc
1925 1651 2024 1691 adV.
2047 1661 2128 1702 per

314 1718 458 1757 die-cit(¹
520 1715 606 1756 Csr.
652 1713 832 1755 Martial.
877 1714 925 1762 3,
972 1714 1052 1754 ⁶29:
1102 1715 1189 1753 Has
1252 1725 1299 1754 se
1340 1713 1672 1765 intelligendum
1710 1713 1979 1753 arbitrantur
2014 1723 2129 1753 non-

313 1792 403 1819 eum
430 1779 592 1830 gemina
614 1778 805 1826 compede
824 1777 984 1815 dedicat
1004 1781 1187 1825 catenas,
1251 1775 1379 1816 nulli:
1442 1778 1511 1816 «in
1569 1787 1766 1825 summa,
1826 1787 1914 1816 uno
1961 1774 2126 1824 verbo,

315 1845 510 1888 Saturne,
544 1839 613 1878 libi
642 1838 801 1886 Zoilus,
834 1838 982 1877 anulos
1007 1839 1184 1887 priores.
1253 1839 1488 1886 omnino;»
1537 1838 1617 1879 sed
1658 1838 1809 1890 quidni
1845 1839 1992 1890 potius
2032 1838 2132 1876 iun-

316 1905 406 1944 Mos
437 1905 586 1942 tamen
620 1901 690 1940 hic
721 1902 928 1950 receptus
959 1911 1047 1939 non
1078 1902 1186 1948 erat,
1253 1911 1407 1951 gamus
1428 1912 1497 1940 vv.
1524 1912 1700 1951 prorsus
1724 1901 1928 1940 iucunde?
1959 1900 2048 1940 Cic.
2072 1898 2130 1938 ad

316 1967 396 2006 etsi
427 1963 657 2016 probabile
680 1965 744 2003 est
776 1963 1073 2003 manumissos
1093 1961 1191 2014 ple·
1251 1964 1336 2003 Att.
1372 1963 1443 2010 46,
1479 1963 1551 2011 45,
1584 1963 1633 2002 Ξ;
1670 1973 1846 2012 prorsus
1873 1961 2128 2001 vehementer

316 2039 504 2079 rumque
538 2027 701 2066 hostias
731 2024 985 2066 immolasse
1016 2023 1085 2065 vel
1116 2024 1192 2064 do-
1252 2029 1290 2064 et
1332 2035 1482 2064 severe.
1520 2047 1563 2052 —-
1597 2023 1891 2075 producimus]
1939 2023 2132 2063 Concin-

316 2090 437 2130 naria
469 2089 552 2128 deo
584 2087 710 2127 alicui
742 2097 1046 2127 consecrasse.
1100 2086 1187 2126 Csr.
1252 2087 1351 2126 nius
1393 2097 1495 2125 cum
1539 2085 1735 2137 perfecto
1775 2086 2052 2136 coniungitur
2086 2096 2129 2125 v.

316 2153 516 2192 Titinium
549 2150 688 2190 Bothii
718 2161 761 2200 p.
796 2150 870 2188 71:
917 2150 1108 2188 Fortasse
1135 2148 1192 2187 sic
1255 2148 1373 2187 illam
1411 2158 1546 2199 quam
1583 2158 1683 2188 cum
1719 2147 1964 2198 praesenti,
2011 2145 2133 2197 quod

318 2219 456 2254 volum
496 2213 654 2263 fecisse,
702 2222 782 2260 quo
812 2211 875 2250 die
918 2210 1019 2249 liber
1060 2210 1190 2260 foret‚·
1255 2211 1504 2261 requireret
1532 2210 1677 2261 potius
1702 2210 1823 2248 hanc.
1878 2208 1964 2249 Cfr.
1989 2209 2132 2260 Reisig

315 2278 436 2316 Nune
464 2276 551 2314 eius
569 2274 652 2312 voli
681 2273 1017 2312 condemnatust:
1052 2273 1194 2310 immo-
1257 2274 1347 2312 Lat.
1382 2271 1602 2323 Sprachw.
1638 2282 1680 2322 p.
1714 2271 1809 2311 360.

316 2339 418 2378 lai-it
458 2337 648 2376 hostiam.
717 2334 897 2384 Fugitivi
941 2336 985 2373 et
1028 2334 1192 2373 ostiarii
1310 2334 1456 2373 74-76.
1489 2333 1775 2385 Beneventum]
1807 2331 1914 2373 Plin.
1938 2333 1988 2372 H.
2011 2333 2061 2372 N.
2087 2331 2128 2380 3,

317 2400 580 2453 plerumque
630 2399 820 2436 catenati
873 2398 1010 2435 erant.
1091 2397 1193 2435 Sar-
1223 2399 1226 2442 Ι
1257 2397 1331 2436 44;
1378 2397 1652 2446 Hirpinorum
1686 2397 1850 2436 colonia
1884 2407 1974 2435 una
2001 2396 2134 2435 Bene-

317 2462 452 2502 menti
485 2462 633 2499 autem
668 2459 766 2508 fuga
803 2459 845 2497 in
880 2455 1192 2497 contumeliam
1254 2462 1444 2507 ventum,
1477 2459 1733 2507 auspicatius
1760 2461 1921 2498 mutato
1950 2457 2130 2505 nomine,

319 2525 415 2564 ficta
438 2523 611 2562 videtur
640 2522 862 2560 Duntzero
885 2523 927 2559 et
948 2518 1194 2559 Dillenbur-
1257 2531 1363 2570 quae
1379 2521 1588 2570 quondam
1609 2521 1821 2570 appellata
1835 2520 2130 2561 Maleventum.

319 2597 438 2637 gero.
491 2606 534 2612 —-
582 2583 732 2634 Nihilo]
781 2580 1192 2622 «pronunciandum
1255 2585 1291 2622 A
1335 2582 1500 2622 Caudio
1544 2581 1736 2622 distabat
1778 2583 1867 2622 XII.
1907 2583 1962 2622 M.
2001 2583 2046 2621 P.
2083 2603 2131 2611 —

321 2650 387 2687 est
417 2646 541 2696 quasi
572 2645 785 2695 scriptum
816 2643 942 2682 fuerit
963 2643 1072 2682 Nilo.
1123 2642 1193 2680 Sic
1254 2644 1395 2693 hospes
1415 2643 1519 2694 cet.]
1551 2644 1790 2683 Construe:
1823 2644 1978 2693 Hospes
2000 2653 2137 2692 paene

320 2710 427 2759 Epp.
464 2708 506 2747 Ξ.
543 2707 586 2753 2,
626 2705 722 2744 120:
761 2705 972 2744 lf'ehemens
1002 2708 1038 2743 et
1067 2703 1194 2753 liqui-
1256 2706 1383 2754 arsit,
1431 2706 1529 2744 dum
1558 2709 1698 2744 versat
1727 2706 1870 2745 turdos
1897 2715 2063 2744 macros
2090 2705 2135 2744 in

320 2771 395 2809 dus
430 2779 620 2818 puroque
661 2767 892 2805 simillimus
939 2766 1067 2805 amni.
1108 2786 1130 2793 -
1169 2787 1194 2794 -
1255 2768 1355 2818 iqui.
1411 2767 1549 2807 «Cum
1579 2769 1760 2818 propter
1788 2767 1930 2818 ipsam
1952 2767 2135 2806 nimiam

322 2833 431 2879 Quin
455 2833 496 2870 et
529 2829 633 2869 illud
654 2828 967 2876 animadverti,
1001 2827 1196 2877 quoties-
1224 2819 1227 2850 ¹
1256 2827 1538 2869 sedulitatem
1595 2829 1740 2869 minus
1800 2832 1955 2868 cautus
2014 2829 2135 2869 esset

321 2903 496 2943 cunque
527 2890 644 2943 apud
675 2892 881 2930 Nostrum
913 2889 1105 2929 occurrit
1135 2888 1197 2926 ni·
1258 2901 1399 2941 caupo
1441 2891 1539 2940 (hoc
1580 2890 1698 2930 enim
1739 2889 1953 2941 significat
1983 2901 2026 2930 v.
2059 2890 2135 2929 ho-

320 2955 416 2996 hilo,
442 2953 741 3005 comparativo
763 2962 943 3003 semper
962 2950 1191 3002 praeponi,
1256 2965 1365 3003 spes,
1414 2955 1461 2992 ut
1503 2964 1543 2992 v,
1577 2953 1616 2992 Ξ.
1653 2953 1874 3002 hospitium
1916 2954 1985 2993 est
2027 2962 2136 2992 cau-

322 3019 367 3055 ut
399 3017 538 3056 Serm.
580 3017 620 3058 4,
656 3016 702 3060 4,
735 3013 800 3054 48.
853 3014 899 3061 2,
933 3014 979 3060 3,
1012 3014 1078 3052 5²2.
1126 3013 1192 3052 56.
1258 3015 1414 3066 pona),
1466 3025 1608 3065 paene
1666 3015 1857 3055 flammis
1905 3014 2136 3065 correptus

324 3079 415 3118 270.
449 3079 556 3129 Epp.
582 3079 627 3125 2,
654 3078 699 3121 02,
726 3076 845 3116 453.»
876 3077 1027 3115 Bam.
1054 3097 1099 3103 —
1125 3076 1197 3114 de-
1259 3078 1347 3124 est,
1395 3075 1501 3115 duni
1540 3076 1693 3116 turdos
1734 3078 1778 3116 et
1821 3086 1898 3116 eos
1927 3075 2132 3126 quidem,

323 3140 462 3189 terius]
496 3139 730 3190 opponitur
751 3139 902 3187 optimo
924 3137 1020 3175 iuri.
1043 3159 1088 3164 —
1111 3148 1196 3175 una
1226 3138 1229 3179 f
1261 3137 1302 3176 id
1334 3137 1451 3188 quod
1484 3137 1766 3183 ridebamus‚
1812 3146 1986 3176 macros
2015 3136 2136 3176 veri-

323 3203 469 3242 Farris
509 3201 631 3250 libra]
682 3200 792 3239 Cum
838 3209 1070 3239 servorum
1116 3197 1195 3237 de·
1227 3199 1344 3238 :bus
1389 3200 1621 3239 transfixos
1665 3201 1825 3240 assat.»
1887 3196 1967 3238 Alii
2013 3196 2132 3248 (coll.

325 3274 528 3304 mensum
558 3264 836 3302 menstruum
867 3261 1067 3310 quaterni
1100 3261 1198 3310 (Do-
1227 3282 1230 3312 3
1260 3264 1368 3300 Aen.
1403 3261 1449 3310 Ξ,
1491 3261 1591 3301 344;
1638 3262 1724 3300 iam
1756 3260 1980 3310 proximus
2018 3260 2138 3299 ardet

324 3328 452 3365 natus
492 3325 533 3363 in
573 3325 747 3363 Terent.
783 3322 956 3361 Phorm.
983 3323 1026 3365 4,
1062 3323 1106 3369 4,
1139 3322 1193 3368 9.)
1228 3330 1230 3363 ι
1264 3323 1480 3373 Ucalesson.
1543 3324 1692 3363 Iuven.
1725 3321 1773 3371 3,
1811 3322 1914 3369 20⁴3
1965 3321 2137 3361 Ultimus

324 3386 391 3426 xel
437 3387 556 3437 quini
603 3386 782 3435 (Seneca
826 3384 903 3435 Ep.
937 3383 1020 3432 80.)
1062 3383 1196 3423 modii
1227 3370 1231 3444 ᾗ
1261 3384 1463 3434 ardebit.)
1538 3383 1723 3435 hospitis
1793 3382 1977 3422 domum
2048 3393 2136 3422 non

326 3452 498 3498 essent,
522 3447 666 3488 XXIV.
690 3445 900 3486 librarum
922 3444 1098 3496 singuli,
1130 3456 1198 3485 ro-
1227 3445 1231 3476 l
1260 3447 1405 3497 ipsum
1436 3445 1655 3497 hospitem
1685 3455 1826 3497 paene
1857 3445 2020 3486 arsisse
2051 3454 2136 3496 pu-
