2231 3787
297 252 397 304 736

1102 253 1313 294 HORATll

365 381 609 444 Aemula,
653 382 750 436 sed
790 383 962 436 tenuis
1001 383 1337 453 simplexque
1377 381 1634 435 foramine
1672 398 1845 453 pauco

364 484 653 555 Adspirare
694 493 746 538 et
784 484 978 537 adesse
1018 483 1196 537 choris
1236 490 1350 535 erat
1389 481 1530 535 utilis
1570 490 1730 553 atque

365 585 612 638 Nondum
650 586 823 656 spissa
862 584 1017 636 nimis
1060 583 1331 654 complere
1372 582 1561 637 sedilia
1606 582 1758 647 flatu,

2009 582 2113 637 205

368 688 486 752 Quo
527 703 654 739 sane
695 684 925 756 populus
965 683 1312 737 numerabilis
1342 692 1527 755 utpote
1567 701 1766 755 parvus

367 789 428 841 Et
465 788 598 857 frugi
639 795 927 857 castusque
966 785 1418 856 verecundusque
1461 785 1651 838 coibat.

367 891 653 959 Postquam
696 888 875 958 coepit
912 904 1070 958 agros
1109 885 1400 940 extendere
1440 886 1611 940 victor
1649 896 1702 940 et
1737 885 1903 940 urbes

405 1038 499 1078 ⁶203.
527 1049 666 1089 parvo
695 1048 921 1090 superscr.
948 1049 1086 1087 pauco
1121 1036 1206 1085 bE,
1233 1048 1372 1087 parvo
1401 1037 1473 1076 Tc.
1511 1037 1573 1085 (Ut
1594 1047 1697 1086 nos,
1730 1036 1858 1088 BSd.)
1885 1057 1929 1065 —
1963 1036 2059 1078 204.

351 1101 550 1151 Aspirare
577 1100 715 1140 Bbcd.
745 1123 786 1127 —-
812 1100 908 1139 206.
931 1103 1076 1149 utpute
1095 1099 1176 1138 TE.
1205 1122 1248 1127 -
1269 1110 1426 1149 pareus
1455 1101 1559 1139 Tan.
1586 1098 1744 1139 Faber.
1781 1121 1825 1127 —
1858 1099 1954 1139 208.
1985 1110 2064 1138 ur-

353 1162 440 1203 bem
469 1173 583 1203 unus
613 1162 806 1202 Pottierii
837 1161 924 1212 (8.)‚
958 1163 1044 1202 LCt
1064 1163 1108 1201 et
1127 1160 1364 1202 Bentleius.
1399 1161 1464 1212 (Ut
1484 1171 1582 1210 nos,
1614 1162 1794 1213 praeter
1816 1171 1955 1201 unum
1986 1172 2064 1202 ce·-

298 1303 646 1352 cumdabantur,
679 1305 728 1342 ut
749 1302 806 1342 ad
827 1313 939 1355 opus
961 1302 1176 1342 committi

299 1369 343 1406 et
372 1367 490 1417 iungi
510 1366 715 1416 possent,
749 1367 791 1404 et
812 1366 967 1416 postea
990 1364 1177 1415 disiungi

299 1431 343 1468 et
373 1426 515 1467 loculo
547 1427 757 1467 servari.»
817 1427 907 1465 Iam
940 1427 1178 1466 consenta-

297 1501 433 1530 neum
465 1492 556 1539 est,
595 1500 670 1530 eas
700 1489 926 1529 iuncturas
956 1489 1049 1528 sive
1080 1489 1180 1528 vin-

298 1558 448 1594 cturas
470 1552 603 1591 etiam
625 1553 830 1591 externas
854 1550 1011 1599 fuisse,
1045 1549 1178 1590 tibiae

299 1617 562 1656 ornamento
593 1615 850 1655 destinatas.
899 1615 1180 1665 Quamquam

298 1679 343 1718 in
375 1677 515 1718 Codd.
541 1676 862 1728 antiquioribus
883 1688 953 1715 vv.
974 1677 1116 1716 vineta
1138 1678 1181 1716 et

298 1742 441 1780 iuncta
478 1739 684 1789 distingui
720 1741 791 1778 vix
822 1740 1012 1790 queunt,
1059 1739 1180 1791 prius

301 1806 450 1843 tamen
466 1801 659 1841 verbum
678 1802 721 1841 h.
741 1800 767 1844 l.
788 1812 895 1841 sane
917 1803 1058 1852 magis
1080 1806 1183 1853 poe-

299 1866 437 1905 ticum
463 1866 530 1904 est
556 1866 597 1903 et
622 1863 677 1903 ab
705 1864 1020 1914 antiquissimis
1038 1863 1178 1904 Codd.

301 1929 406 1968 satis
428 1927 654 1975 firmatur,
687 1928 770 1966 etsi
792 1928 978 1966 Ioannes
1001 1926 1178 1966 Saresb.

300 1988 485 2040 Prologo
515 1990 586 2028 VI.
619 1988 777 2028 Polic.:
810 1990 922 2028 Nam
953 1990 1044 2038 quis
1073 2000 1100 2027 a
1124 1999 1181 2028 se-

300 2052 528 2102 mipagano
571 2050 715 2089 tibiam
754 2050 960 2090 orichalco
996 2051 1182 2090 iunctam

302 2118 338 2154 et
369 2113 580 2152 aemulam
610 2113 732 2152 tubae
760 2114 1004 2164 yrancliorls
1033 2124 1183 2162 exspe-

300 2175 408 2215 ctet?
427 2199 471 2203 —
495 2175 697 2224 tubaeque
710 2176 896 2228 Aemula]
920 2187 1028 2216 sono
1050 2178 1181 2216 acuto

302 2241 346 2279 et
377 2238 499 2277 chori
520 2237 659 2277 verba
681 2240 938 2289 superante.
966 2261 1008 2266 —
1036 2237 1180 2289 tenuis]

304 2300 451 2351 «quod
481 2300 538 2339 ad
569 2311 729 2340 sonum
752 2302 966 2352 spectat.»
992 2322 1038 2328 —
1061 2301 1183 2351 fora—

301 2364 412 2402 mine
434 2362 587 2414 pauco]
622 2363 786 2402 «Varro
809 2363 867 2401 ait
887 2363 930 2402 in
951 2363 1080 2402 tertio
1107 2362 1184 2402 Di-

303 2423 589 2476 sciplinarum
611 2426 655 2464 et
675 2425 729 2464 ad
753 2424 1008 2465 Marcellum
1030 2425 1085 2464 de
1107 2424 1185 2464 lin-

304 2498 387 2538 gua
433 2487 603 2535 Latina,
663 2489 870 2538 quattuor
916 2486 1185 2526 foraminum

304 2551 437 2591 fuisse
478 2550 605 2591 tibias
644 2551 760 2602 apud
793 2551 1022 2602 antiquos,
1062 2553 1106 2591 et
1135 2561 1183 2591 se

304 2614 449 2665 ipsum
470 2613 527 2652 ait
547 2614 590 2652 in
611 2611 777 2664 templo
798 2614 1001 2663 Marsyae
1022 2612 1184 2653 vidisse

305 2675 434 2716 tibias
466 2677 675 2726 quattuor
705 2675 986 2715 foraminum.
1039 2675 1183 2723 Quare

307 2740 519 2789 quaterna
551 2740 718 2777 tantum
741 2737 955 2777 foramina
978 2738 1183 2788 antiquae

306 2799 437 2839 tibiae
470 2799 745 2846 habuerunt3
790 2798 860 2838 alii
890 2799 1062 2847 dicunt,
1097 2810 1183 2839 non

306 2861 404 2913 plus
426 2872 560 2912 quam
577 2863 701 2900 tria.»
722 2863 852 2901 Aeno,
876 2885 920 2890 -—
941 2862 1182 2912 Adspirare]

306 2925 399 2963 den
434 2924 527 2962 Ton
558 2922 801 2974 angeben.
841 2945 884 2951 —
919 2924 1072 2976 adesse]
1105 2924 1185 2964 be-

307 2986 517 3037 yleiten.
541 3009 585 3013 —
608 2986 741 3035 spissa
760 2986 1092 3036 nimis-sedilia]
1117 2985 1180 3026 Cf.

308 3059 350 3087 v.
376 3047 474 3088 384:
521 3048 675 3097 spissae
694 3069 755 3076 -—
775 3059 966 3087 coronae.
1001 3049 1109 3099 Epp.
1143 3049 1181 3097 4,

311 3110 376 3158 49,
401 3108 444 3149 44
466 3122 474 3148 ;
498 3110 871 3160 Spissis-theatris.
899 3133 944 3138 —
967 3109 1184 3161 complere]

311 3172 449 3212 «adeo
493 3174 541 3211 ut
570 3173 613 3211 in
644 3172 815 3211 theatro
847 3171 984 3212 multo
1015 3173 1185 3212 minore

311 3245 445 3286 quam
475 3236 623 3274 nostra
654 3245 771 3274 nunc
801 3236 926 3283 sunt,
963 3234 1186 3274 nondum-

311 3307 398 3347 que
430 3295 756 3348 spectatoribus
777 3296 906 3335 nimis
927 3296 1105 3345 referto,
1129 3296 1184 3336 ab

312 3358 540 3407 omnibus,
565 3360 779 3410 quantum
802 3359 906 3399 satis
924 3360 1032 3407 erat,
1058 3370 1188 3398 exau-

314 3420 396 3460 diri
426 3424 626 3472 posset.»
663 3444 706 3450 -
739 3421 866 3473 sane]
913 3423 994 3461 «ut
1026 3432 1108 3473 per
1138 3432 1185 3461 se

314 3481 606 3535 intelligitur.»
646 3507 689 3512 -
736 3482 1017 3536 numerabilis]
1059 3483 1187 3536 Apud

1240 1302 1467 1342 neminem
1497 1303 1599 1342 ante
1621 1302 1848 1341 Horatium
1878 1301 1963 1341 hoc
1982 1312 2120 1342 voca-

1239 1364 1397 1406 bulum
1425 1375 1544 1404 nunc
1572 1364 1808 1415 reperitur.
1854 1365 2012 1415 Ipsene
2044 1363 2121 1404 de-

1240 1427 1366 1467 torsit
1386 1438 1410 1466 a
1433 1429 1600 1467 Graeco
1623 1423 1982 1483 εὐαρίθμητοςῖ
2011 1426 2122 1466 The-

1242 1501 1333 1529 ocr.
1359 1490 1424 1538 46,
1449 1490 1522 1530 87:
1557 1484 1858 1546 ἁριθμητοὺς
1886 1484 1983 1529 ἀπὸ
2011 1487 2122 1528 πολ-

1241 1550 1349 1591 λῶν.
1383 1553 1488 1592 Post
1509 1553 1738 1592 Horatium
1759 1552 1936 1592 Ovidius
1957 1553 2058 1593 Met.
2077 1553 2117 1599 5,

1243 1615 1344 1655 588:
1387 1626 1464 1664 per
1502 1626 1608 1664 quas
1654 1614 1820 1665 (aquas)
1852 1614 2124 1654 numerabilis

1245 1679 1327 1717 alle
1347 1677 1540 1718 Calculus
1560 1678 1691 1717 omnis
1711 1681 1817 1717 erat.
1851 1678 1956 1717 Stat.
1980 1677 2118 1718 Theb.

1245 1739 1284 1789 3,
1310 1739 1410 1779 463:
1443 1739 1788 1788 numerandaque
1813 1739 1967 1790 funera
1988 1741 2120 1790 passi.

1247 1824 1293 1830 -
1318 1802 1466 1841 Lectio
1487 1812 1650 1851 parvus
1669 1803 1818 1841 autem
1838 1801 1967 1853 longe
1987 1813 2124 1853 prae-

1246 1865 1332 1903 stat
1352 1864 1633 1903 coniecturae
1644 1874 1818 1912 parcus,
1842 1863 1962 1913 quod
1977 1863 2124 1915 ipsum

1246 1926 1360 1965 inest
1390 1925 1432 1964 in
1464 1936 1504 1964 v.
1536 1925 1665 1976 fru9l.
1695 1947 1739 1952 ——
1767 1929 1986 1975 castusque
2011 1937 2124 1966 vere-

1245 1988 1483 2036 cundusque
1506 1986 1606 2026 ideo
1630 1987 1783 2037 etiam,
1818 1987 1939 2038 quod
1968 1988 2026 2028 ad
2053 1990 2126 2029 Li-

1246 2049 1343 2089 beri
1377 2049 1514 2100 patris
1544 2048 1712 2089 cultum
1740 2051 1993 2101 pertinebat
2011 2047 2126 2109 δρᾶ-

1244 2125 1329 2164 μα.
1363 2112 1413 2150 V.
1434 2113 1584 2151 autem
1605 2116 1744 2151 castus
1763 2111 1956 2153 refertur
1974 2113 2032 2154 ad
2050 2125 2125 2154 re-

1245 2173 1466 2225 ligionem.
1502 2174 1592 2214 Cic.
1618 2174 1673 2214 de
1696 2175 1825 2227 Legg.
1845 2176 1885 2225 2,
1904 2176 1944 2226 8,
1965 2176 2040 2218 49:
2063 2176 2126 2217 Ad

1247 2238 1362 2277 divos
1392 2237 1572 2277 adeunto
1601 2241 1725 2277 caste.

1301 2298 1516 2339 208-243.
1560 2299 1713 2351 vietor]
1744 2299 1950 2352 populus.
1996 2300 2127 2353 Apud

1247 2363 1439 2402 Graecos
1477 2360 1668 2401 refertur
1706 2361 1763 2401 ad
1792 2363 1996 2414 tempora
2025 2366 2127 2415 post

1245 2420 1305 2463 τὰ
1320 2422 1551 2480 Περσικά,
1575 2423 1628 2463 cf.
1648 2423 1704 2463 ad
1720 2425 1828 2476 Epp.
1848 2425 1888 2474 2,
1905 2425 1944 2474 4,
1963 2425 1986 2464 3
2003 2435 2123 2476 sqq.;

1247 2486 1365 2538 apud
1394 2487 1615 2526 Romanos
1636 2489 1738 2537 post
1757 2486 1988 2538 profligata
2008 2486 2125 2527 bella

1248 2549 1426 2589 Punica.
1469 2571 1513 2577 —
1558 2548 1700 2600 urbes]
1744 2550 1879 2589 Recte
1911 2560 1960 2590 se
1990 2549 2128 2591 habet

1248 2609 1428 2663 pluralis
1454 2610 1671 2650 Codicum
1700 2611 2124 2662 antiquissimorum,

1249 2684 1352 2713 cum
1395 2673 1450 2712 de
1483 2673 1659 2713 Graecis
1698 2674 1742 2712 et
1770 2674 1977 2713 Romanis
2007 2684 2129 2714 com-

1248 2737 1441 2776 muniter
1460 2734 1680 2786 loquatur.
1712 2734 1837 2783 Vide,
1857 2745 1970 2785 quae
1991 2745 2127 2788 supra

1249 2799 1304 2838 de
1321 2799 1411 2838 toto
1428 2798 1471 2837 h.
1490 2796 1518 2836 l.
1543 2797 1747 2837 diximus.
1770 2818 1814 2825 —
1832 2797 1991 2849 Latior]
2014 2797 2057 2837 h.
2077 2797 2123 2849 1.‚

1246 2864 1296 2901 ut
1339 2860 1690 2900 consentaneum
1734 2860 1828 2909 est,
1880 2859 2123 2910 significat:

1250 2923 1539 2975 «spatiosior,
1586 2920 1794 2973 amplior,
1837 2933 1973 2973 quam
2004 2923 2124 2964 initio

1248 2986 1409 3032 fuerat;
1427 3000 1445 3019 »
1478 2984 1737 3035 neutiquam
1760 2995 1868 3023 vero
1899 2995 1952 3024 eo
1973 2995 2123 3034 sensu,

1249 3059 1336 3099 quo
1383 3048 1438 3087 de
1484 3045 1724 3097 Babylonis
1763 3057 1891 3086 muro
1929 3048 2126 3099 Hyginus

1250 3110 1293 3149 F.
1318 3109 1421 3148 ⁶223:
1456 3109 1588 3148 latum
1610 3110 1738 3158 pedes
1764 3109 1913 3159 XXV„
1946 3109 2058 3150 adeo
2078 3114 2128 3151 ut

1250 3182 1606 3223 supervacanea,
1649 3172 1731 3211 etsi
1773 3182 1855 3222 per
1898 3183 1946 3213 se
1986 3174 2124 3222 recta,

1251 3237 1306 3274 sit
1333 3233 1518 3273 Bentleii
1543 3235 1656 3273 coni.
1682 3246 1706 3274 a
1729 3233 1925 3274 Gonodio
1945 3237 2127 3287 recepta

1250 3297 1406 3336 laxior.
1437 3297 1488 3335 V.
1513 3294 1714 3348 exempla
1735 3295 1790 3336 ab
1816 3295 1886 3336 illo
1907 3295 2048 3336 allata.
2078 3321 2122 3327 —-

1248 3360 1425 3409 vinoque
1467 3359 1631 3411 diurno]
1679 3359 1921 3399 «conviviis
1950 3360 2127 3411 tempe·-

1252 3422 1398 3469 stivis;
1448 3420 1738 3472 indulgebant
1785 3420 1903 3460 enim
1946 3421 2125 3461 Genio.»

1252 3484 1359 3536 Epp.
1385 3484 1423 3533 4,
1448 3484 1514 3533 49,
1536 3484 1578 3523 44
1599 3494 1608 3522 :
1630 3484 1843 3523 Noc-turno
1864 3486 2026 3525 certare
2045 3494 2128 3525 me-
