2231 3787
793 299 888 338 ΗΒ.
926 299 972 336 11.
1035 298 1146 336 8ΑΤ.
1181 297 1248 335 lll.

1847 290 1944 340 249

202 433 309 484 Nec
348 431 488 482 scrro
530 438 584 481 ut
622 429 844 482 demens
885 428 1196 497 genitricem
1236 424 1437 478 occidis
1478 425 1716 478 Orestes.

202 533 277 584 An
319 539 370 583 tu
414 531 548 585 reris
589 548 712 583 eum
752 530 931 583 occisa
974 528 1236 581 insanisse
1278 535 1523 597 parente.

202 635 273 686 Ae
314 650 418 684 non
460 641 579 685 ante
622 630 772 684 malis
811 630 1117 684 dementem
1156 637 1331 681 actum
1367 627 1563 687 Furiis,
1608 644 1769 697 quam
1846 625 1945 678 ‹135›

203 734 257 786 ln
299 734 481 786 matris
522 732 701 803 iugulo
744 732 940 785 serrum
980 730 1228 802 tepefecit
1266 729 1520 784 acutum‘?

203 836 364 899 Quin,
408 852 473 888 ex
512 852 619 905 quo
661 844 741 888 est
779 833 990 886 habitus
1030 831 1166 886 male
1207 840 1350 885 tutae
1391 830 1581 884 mentis
1610 830 1855 884 Orestes,

201 936 278 989 Nil
321 953 449 989 sane
492 936 637 989 l'ecit.
680 935 827 1006 quod
874 944 927 987 tu
967 933 1369 1006 reprehendere
1409 932 1610 1003 possis:

202 1040 315 1091 Non
358 1036 597 1111 Pyladen
640 1037 778 1090 l'erro
819 1035 1020 1090 violare
1059 1053 1293 1089 aususve
1334 1053 1578 1089 sororem

206 1139 492 1195 Electram,
537 1147 737 1191 tantum
777 1137 1047 1191 maledicit
1083 1137 1298 1207 utrique
1338 1136 1581 1190 vocando

1854 1135 1867 1187 l
1883 1136 1950 1187 40

203 1243 350 1294 Hanc
379 1240 612 1300 Furiam,
655 1239 796 1292 hunc
825 1238 994 1299 aliud,
1042 1239 1193 1291 iussit
1232 1237 1378 1309 quod
1418 1236 1699 1308 splendida
1728 1236 1862 1290 bilis.

244 1369 333 1409 ⁴33.
367 1369 451 1408 Nec
480 1370 642 1408 demens
670 1368 784 1418 ferro
816 1371 857 1406 u!
887 1377 953 1418 pr.
989 1368 1028 1405 S.
1067 1389 1110 1393 —-
1145 1365 1292 1405 oceidit
1323 1374 1364 1415 p,
1399 1364 1590 1403 Pottierii
1622 1362 1821 1415 plerique
1854 1365 1897 1402 et

188 1442 301 1470 corr.
350 1431 390 1469 S.

458 1431 521 1481 (rt
553 1441 656 1479 nos,
705 1429 786 1475 bc,
820 1440 886 1481 pr.
921 1429 961 1477 S,
995 1439 1048 1467 ντ
1080 1438 1182 1467 cum
1212 1425 1539 1473 Lambethano,
1574 1437 1639 1478 pr.
1674 1439 1701 1465 κ
1733 1428 1777 1465 et
1807 1428 1895 1466 tres

188 1494 412 1542 Pottierii.)
450 1516 493 1521 -
530 1492 620 1532 ⁴37.
655 1493 780 1545 tutae]
812 1496 950 1531 motae
970 1492 1019 1531 N.
1054 1490 1272 1530 Heinsius.
1307 1489 1438 1540 (tutae
1465 1489 1574 1528 male
1607 1488 1714 1528 Cod.
1748 1489 1893 1538 Tons.)

191 1579 234 1583 —
261 1556 352 1596 ⁴38.
375 1556 623 1606 reprendere
654 1555 832 1603 be,LCt.
870 1578 913 1582 ——
941 1565 1080 1603 posses
1109 1564 1151 1604 p.
1181 1576 1224 1580 —
1251 1551 1341 1591 439.
1375 1563 1560 1592 sororem
1589 1555 1645 1592 est
1675 1549 1896 1591 Bentleius

188 1629 239 1657 ex
272 1619 438 1670 optimo
472 1617 701 1658 Pulmanni
733 1619 776 1657 et
806 1617 953 1668 Regio,
988 1618 1041 1657 M.

132 1719 292 1770 laqueo
324 1719 515 1771 fregerat
545 1720 763 1770 matrique
784 1729 1009 1758 venenum
1076 1717 1186 1757 roid.
1215 1718 1250 1766 l,
1280 1717 1346 1756 49:
1376 1716 1589 1767 Sanquine
1612 1715 1859 1765 Tlepolemus
1873 1716 1954 1764 Ly-

133 1783 392 1830 miscuerat,
417 1783 542 1833 quasi
564 1782 733 1822 diceret
753 1782 1007 1821 Stertinius:

135 1846 271 1884 «Sane
317 1845 483 1896 poteris
514 1845 619 1884 mihi
657 1844 874 1884 obiicere:
921 1845 1010 1895 Ego

133 1905 257 1947 solita
298 1909 342 1946 et
377 1917 492 1946 nunc
532 1906 778 1958 frequentia
809 1907 921 1946 haec
954 1905 1013 1945 sa-

134 1969 280 2008 cinora
328 1980 430 2009 cum
475 1969 582 2018 feci,
627 1970 810 2009 minime
856 1968 1012 2019 aequi-

133 2031 358 2083 parandus
392 2042 491 2072 sum
537 2033 701 2083 tragico
746 2030 802 2071 illi
846 2032 1009 2080 Oresti,

135 2095 208 2145 qui
241 2094 378 2141 ferro,
425 2105 537 2142 non,
581 2096 627 2133 ut
669 2093 786 2145 apud
817 2104 898 2134 nos
940 2093 1010 2143 fit,

135 2155 293 2206 laqueo
310 2158 384 2195 aut
399 2167 589 2205 veneno,
610 2154 1012 2206 Clytaemnestram

136 2217 319 2266 occidit,
360 2228 504 2268 neque
536 2219 681 2269 Argis,
726 2218 836 2258 urbe
867 2229 891 2257 a
922 2219 1015 2257 tra-

137 2281 241 2332 gicis
286 2279 527 2319 identidem
573 2282 821 2320 memorata
868 2283 931 2328 et,
979 2281 1014 2321 si

139 2346 195 2383 ita
240 2343 388 2382 dicere
437 2341 559 2391 licet,
606 2343 801 2394 poetica,
848 2342 927 2382 sed
972 2343 1014 2382 in

138 2405 284 2446 media
306 2403 416 2444 urbe
448 2405 607 2452 Roma,
641 2405 852 2444 veneficis
874 2404 1016 2444 refer-

139 2471 201 2517 ta,
249 2479 335 2507 non
368 2467 546 2506 insanus
576 2468 622 2505 ut
665 2465 756 2513 ille.
804 2465 884 2506 sed
917 2476 1016 2505 cer-

139 2534 227 2569 tam
258 2530 358 2581 post
388 2526 754 2568 deliberationem
778 2529 969 2567 matrem
991 2537 1014 2566 e

139 2591 286 2633 medio
318 2589 516 2631 sustuli.»
568 2591 707 2641 Saepe
737 2592 887 2629 autem
909 2589 1018 2628 Stoi-

139 2655 177 2695 ci
209 2653 373 2694 Orestis
403 2663 592 2703 persona
623 2651 875 2691 utebantur.
924 2651 1011 2691 Cir.

140 2717 306 2758 Arriani
337 2715 520 2766 Epictet.
556 2715 606 2759 ⁶2,
646 2715 722 2763 20,
764 2715 828 2753 47.
864 2736 910 2741 —
944 2714 1013 2752 de-

138 2778 264 2829 mens]
298 2779 369 2817 «ut
389 2777 568 2816 tradunt
587 2778 768 2829 poetae,
800 2777 903 2827 post
921 2786 1017 2815 sce-

140 2841 206 2881 lus
261 2842 565 2892 perpetratum
616 2839 767 2879 mente
815 2840 1012 2889 captus.»

145 2927 188 2931 -
222 2902 283 2942 An
326 2906 371 2941 tu
411 2902 519 2941 reris
555 2901 658 2953 cet.]
702 2899 776 2940 llle
811 2911 1013 2952 quoque,

140 2965 282 3017 pergit
329 2963 582 3012 Stertinius,
634 2963 722 3003 iam
766 2965 867 3002 ante
913 2961 1019 3012 Cly-

142 3026 462 3066 taemnestram
493 3025 685 3065 occisam
725 3026 904 3066 insanus
942 3024 1020 3064 suit

143 3098 284 3139 aeque
317 3098 367 3126 ac
409 3089 497 3125 tu.»
558 3087 619 3126 De
649 3087 789 3127 verbo
834 3086 918 3127 reri
961 3086 1015 3127 cs.

144 3152 230 3191 Sat.
257 3151 300 3199 4,
336 3149 382 3197 9,
416 3148 481 3189 49.

199 3211 394 3253 435-444„
425 3211 559 3264 malis]
583 3212 669 3251 den
691 3223 866 3262 argon,
889 3212 1015 3252 Voss:

145 3276 234 3315 den
276 3273 672 3314 schreckliehen.
734 3273 811 3313 Hic
856 3275 898 3313 et
943 3284 1019 3313 se-

146 3347 287 3387 quens
333 3346 491 3375 versus
545 3334 640 3374 soni
693 3336 794 3373 sunt
838 3345 1020 3385 prorsus

145 3398 327 3437 heroici.
365 3419 408 3425 —
438 3397 598 3447 ferrum
627 3395 808 3446 tepefecit
836 3396 1018 3448 acutum]

146 3458 262 3509 Virg.
286 3461 395 3500 Aen.
421 3458 467 3508 9,
491 3458 590 3499 41¹8:
623 3458 743 3497 hasta
763 3479 785 3486 -
805 3479 827 3485 —
848 3457 1021 3496 traiecto

147 3541 170 3549 -
193 3520 322 3562 haesit
339 3520 540 3573 tepefacta
560 3519 738 3561 cerebro.
791 3518 913 3559 Ovid.
939 3519 1022 3560 He-

1073 1781 1182 1819 et'am
1211 1780 1454 1830 tepefecerat
1481 1779 1658 1818 hastam.
1687 1802 1730 1807 —
1753 1778 1865 1817 male
1883 1782 1953 1817 tue

1074 1847 1142 1881 tae
1170 1841 1331 1892 mentis]
1355 1843 1548 1881 insanus.
1612 1842 1777 1880 «Immo
1799 1842 1953 1891 postea

1075 1905 1260 1945 sanioris
1299 1914 1438 1955 prope
1471 1903 1632 1942 mentis
1669 1903 1746 1942 suit
1776 1903 1954 1942 Orestes

1075 1978 1211 2018 quam
1243 1967 1285 2006 in
1317 1964 1387 2005 illo
1407 1967 1575 2017 puncto
1597 1965 1830 2016 temporis,
1865 1976 1954 2016 quo

1075 2031 1266 2069 matrem
1299 2027 1545 2068 trucidavit.
1607 2028 1781 2067 Etenim
1827 2028 1868 2066 in
1899 2038 1953 2066 eo

1076 2091 1305 2131 dumtaxat
1368 2089 1553 2141 deliquit
1612 2088 1952 2140 aliquantulum,

1076 2152 1196 2205 quod
1226 2152 1450 2192 interdum
1481 2152 1623 2192 sorori
1653 2154 1784 2202 atque
1812 2152 1955 2191 amico

1077 2213 1193 2255 male
1224 2214 1374 2254 dixit.»
1433 2214 1502 2254 Sic
1541 2213 1659 2265 apud
1701 2213 1955 2264 Euripidem

1079 2277 1162 2327 (Or.
1186 2275 1298 2327 Γ264.)
1320 2287 1522 2315 sororem
1545 2274 1734 2327 appellat
1764 2276 1953 2315 Furiam:

1078 2338 1256 2388 Μέθες·
1297 2339 1365 2389 μί’
1399 2329 1526 2377 οὖσα
1555 2334 1649 2376 τῶν
1678 2335 1808 2389 ἐμῶν
1833 2332 1956 2393 Ἐρι-

1080 2397 1226 2449 νύων,
1259 2400 1421 2440 Μέσον
1441 2401 1490 2452 μ’
1513 2396 1764 2451 ὀχμάζεις,
1788 2396 1853 2449 ὠς
1871 2396 1957 2447 βά-

1080 2462 1165 2520 λῃς
1209 2461 1257 2512 ἐς
1301 2461 1561 2518 Τάρταρον.
1629 2463 1706 2510 Qui
1751 2459 1955 2501 versiculi

1081 2537 1215 2577 saepe
1260 2524 1423 2564 laudati
1470 2525 1602 2564 etiam
1646 2535 1669 2562 a
1706 2523 1957 2563 rhetoribus

1082 2589 1221 2639 (Dion.
1257 2590 1388 2638 Long.
1428 2588 1509 2636 45.)
1542 2586 1748 2627 omnibus
1795 2587 1957 2627 Horatii

1080 2650 1320 2691 lectoribus
1351 2650 1404 2688 ita
1439 2650 1527 2689 noti
1559 2651 1705 2697 erant,
1740 2651 1782 2688 ut
1815 2649 1957 2700 quitis

1081 2724 1158 2753 eos
1189 2712 1424 2763 significari
1456 2712 1746 2764 perspiceret.
1808 2710 1957 2762 Pyladi

1081 2775 1261 2826 quidem
1303 2775 1343 2814 in
1380 2773 1449 2813 illa
1487 2774 1712 2824 tragoedia
1744 2785 1829 2813 non
1861 2785 1959 2813 nia-

1080 2837 1240 2877 ledicit.
1285 2838 1360 2887 (De
1391 2835 1636 2876 maledictis
1668 2837 1708 2875 in
1740 2835 1957 2876 Electram

1081 2902 1214 2952 atque
1260 2898 1472 2951 Pyladem
1513 2898 1680 2938 collatis
1718 2898 1774 2938 ab
1805 2899 1958 2939 Oreste

1082 2964 1124 3003 in
1146 2963 1319 3002 Pacuvii
1351 2961 1582 3002 Duloreste
1606 2972 1708 3001 cum
1739 2962 1958 3001 Duntzero

1083 3026 1273 3077 cogitare
1319 3023 1485 3073 nolim.)
1522 3047 1564 3051 -
1597 3023 1811 3073 splendida
1855 3022 1959 3074 bilis]

1082 3090 1202 3128 Pers.
1240 3087 1286 3135 3,
1332 3086 1383 3126 8:
1437 3086 1631 3137 turgescit
1671 3086 1807 3125 vitrea
1852 3085 1954 3124 bilis.

1082 3148 1158 3189 Bili
1195 3148 1404 3188 morbose
1445 3147 1743 3188 condensatae
1775 3149 1817 3187 et
1855 3158 1960 3199 pro-

1084 3214 1234 3264 pterea
1254 3209 1438 3262 asphalti
1461 3211 1609 3262 specie
1632 3208 1960 3261 splendescenti

1083 3285 1107 3313 a
1156 3273 1342 3313 medicis
1388 3270 1670 3311 tribuebatur
1720 3269 1959 3323 μελαγχο-

1084 3333 1174 3376 λία.
1234 3335 1352 3385 (Mire
1400 3332 1589 3385 explicat
1641 3333 1773 3373 Voss:
1833 3336 1961 3370 «lra—

1082 3397 1266 3448 9isehei·,
1294 3395 1557 3446 pompizafter
1585 3395 1736 3433 Zorn.»
1789 3393 1843 3431 So
1877 3391 1955 3431 Od.

1083 3457 1132 3507 4,
1156 3459 1203 3505 7,
1235 3458 1308 3497 21:
1351 3455 1580 3508 splendida
1611 3453 1812 3501 arbitria,
1853 3452 1960 3492 Aus-

1082 3519 1256 3570 spru‘ehe
1290 3530 1367 3558 von
1413 3517 1653 3558 erhabenem
1695 3513 1863 3566 Inhalt.)
1913 3538 1956 3542 -—
