2231 3787
815 264 912 303 Llss.
948 266 996 304 11.
1061 266 1222 307 EPIST.
1259 269 1305 307 II.
1886 272 1985 324 (573

225 391 365 455 Quid
405 392 505 445 vici
550 405 772 463 prosunt
811 405 900 449 aut
938 396 1173 451 horrea?
1212 400 1410 470 quidve
1452 402 1691 456 Calabris

224 493 457 547 Saltibus
498 495 690 550 adiecti
730 499 951 561 Lucani,
992 501 1036 553 si
1077 502 1226 554 metit
1264 504 1440 556 Orcus

222 595 455 649 Grandia
494 616 615 651 cum
656 602 855 670 parvis
899 620 1005 655 non
1045 603 1334 658 exorabilis
1374 607 1546 659 auro?

223 698 488 762 Gemmas,
519 719 767 763 marmor,
797 703 946 766 ebur,
976 705 1252 778 Tyrrhena
1279 707 1464 778 sigilla,
1496 709 1734 772 tabellas,
1878 713 1980 765 180

220 801 536 870 Argentum,
581 813 759 857 vestes
801 805 1025 859 Gaetulo
1065 809 1271 863 murice
1311 810 1524 873 tinctaS‚

205 1006 363 1055 nostri,
397 1006 602 1057 Bentleii,
638 1010 852 1059 pottierii,
888 1012 1130 1063 Schmidii.)
1168 1037 1212 1042 —
1248 1016 1340 1055 1175.
1374 1017 1420 1056 Si
1456 1020 1556 1068 quia
1590 1020 1723 1068 bScd,
1757 1023 1924 1062 Schmi-

202 1068 259 1107 dii
304 1071 508 1119 quartus,
558 1083 611 1110 ex
642 1070 735 1111 aliis
766 1073 872 1122 Fen,
920 1075 1001 1114 Sed
1031 1077 1132 1125 quia
1163 1077 1252 1117 duo
1281 1079 1507 1120 Schmidii.
1545 1106 1590 1110 ——
1625 1084 1718 1123 476.
1753 1085 1925 1125 alternis

200 1130 423 1172 Bentleius
455 1134 586 1182 cont,
621 1145 736 1185 quae
768 1137 863 1187 ipsa
896 1149 1040 1189 nuper
1071 1140 1113 1178 in
1146 1140 1254 1180 Cod.
1279 1143 1541 1184 Lovaniensi
1570 1151 1748 1197 reperta
1781 1151 1863 1188 est.

143 1313 293 1352 ultima
319 1324 453 1360 mors,
495 1325 609 1352 mors
637 1325 858 1364 suprema,
905 1317 1029 1356 cuius

145 1375 348 1478 exempla
387 1375 560 1427 collegit
596 1376 819 1417 Bentleius
850 1378 905 1416 ad
937 1379 1024 1418 Sat

238 1439 336 1488 ,43.
370 1439 524 1479 Bo‘e'th.
552 1440 681 1479 Cons
709 1441 755 1489 2,
780 1441 818 1479 7.
844 1444 887 1480 et
914 1440 960 1490 4,
986 1443 1024 1481 5.

144 1441 245 1541 cet.
290 1501 479 1541 Lucilius
519 1502 665 1541 minor
704 1503 821 1554 apud
867 1505 1024 1544 Senec

142 1567 220 1617 Ep.
245 1564 311 1614 ⁶24,
337 1566 410 1604 220:
446 1567 563 1604 Mors
591 1578 673 1605 non
693 1578 782 1605 una>
801 1568 925 1614 venit,
959 1569 1028 1607 secl

141 1640 249 1679 quae
276 1629 392 1678 rapit
420 1629 570 1668 ultima
598 1640 712 1668 mors
733 1634 804 1669 est.
835 1652 877 1657 —-
910 1632 1028 1670 cedat

140 1692 184 1730 in
214 1692 351 1730 altera
378 1691 489 1743 iura]
524 1693 748 1731 «transeat
777 1695 820 1731 in
844 1691 1025 1733 alterius

141 1755 207 1793 ius
239 1765 291 1793 ac
323 1754 611 1793 dominium.»
658 1754 826 1794 Eadem
859 1758 1023 1795 constr.

142 1817 272 1857 Gaius
314 1815 361 1864 4,
404 1817 475 1856 113:
523 1819 567 1856 in
604 1818 817 1867 publicum
861 1818 1027 1857 cedebat

139 1890 304 1918 summa
333 1881 599 1919 sacramenti.

195 1944 397 1983 475-479.
427 1944 497 1983 Sic
521 1945 621 1993 quia
646 1945 751 1994 cet]
786 1945 919 1993 «Quia
938 1945 1024 1984 hoc

140 2005 295 2054 modo,
337 2017 472 2056 quem
511 2007 789 2057 significavi»
830 2010 914 2047 cet.
976 2009 1024 2047 In

139 2067 275 2107 altera
307 2067 496 2107 lectione
527 2069 562 2107 si
585 2080 673 2120 quo
693 2069 915 2109 referatur
935 2081 1024 2109 non

138 2130 289 2171 habet.
318 2153 361 2160 —
398 2131 510 2183 usus]
542 2142 649 2171 usus
679 2132 862 2172 fructus.
892 2155 935 2160 —
958 2133 1024 2171 he-

139 2206 203 2234 res
219 2195 420 2234 Heredem
441 2194 627 2246 alterius]
652 2195 758 2234 Tres
780 2195 910 2244 igitur
931 2205 1024 2234 me-

138 2258 371 2296 morantur
391 2268 633 2308 personae,
658 2256 778 2296 velut
799 2268 923 2305 avus,
948 2268 1023 2308 pa-

140 2322 226 2367 ter,
261 2318 389 2359 filius.
443 2319 618 2359 Codicis
659 2319 946 2359 Lovaniensis
979 2321 1022 2358 et

137 2381 319 2422 Bentleii
364 2381 494 2421 lectio
539 2383 711 2422 alternis
754 2381 1023 2432 significaret

138 2444 250 2484 duas
282 2445 532 2495 dumtaxat,
576 2447 620 2485 et
649 2445 831 2496 quidem
862 2445 1021 2484 Titium

138 2509 258 2555 Seio,
293 2507 441 2546 Seium
470 2519 625 2548 rursus
655 2509 763 2547 Titio
794 2507 1022 2547 heredita—

138 2574 229 2611 tem
259 2569 512 2619 tradentes,
561 2570 601 2609 id
635 2570 757 2620 quod
786 2581 893 2610 sane
926 2569 1020 2609 fieri

140 2634 307 2684 nequit.
355 2656 399 2660 -—
443 2633 692 2684 supervenit]
741 2635 827 2674 «Ut
856 2633 1018 2672 fluctus

138 2708 274 2748 super
303 2707 350 2736 se
382 2697 574 2736 invicem
603 2697 807 2743 veniunt,
841 2706 944 2734 cum
966 2706 1020 2734 ex

138 2759 357 2799 immenso
402 2758 638 2798 volvuntur
682 2759 835 2797 mari.»
893 2757 1015 2797 Ovid.

137 2823 238 2862 Met.
265 2823 330 2870 45,
357 2821 426 2861 484
452 2833 459 2859 :
492 2823 561 2860 sed
589 2825 634 2860 ut
659 2822 775 2860 unda
793 2821 1020 2870 impellitur

138 2886 252 2923 unda
285 2885 574 2935 Uryueturque
602 2885 745 2924 eadem
764 2885 927 2922 veniens
947 2895 1020 2922 ur-

135 2951 311 2999 yuetque
323 2947 526 2996 priorem.
555 2968 598 2974 —
617 2947 712 2998 vici]
734 2947 778 2986 h.
799 2945 827 2985 l.
847 2946 1015 2993 rustici,

136 3010 182 3049 id
212 3012 302 3059 est,
349 3008 498 3059 villae,
543 3009 621 3049 ubi
652 3011 818 3049 aestate
850 3008 1020 3048 habitat

138 3073 368 3121 dominus,
424 3083 526 3111 cum
570 3071 772 3123 pluribus
817 3071 1015 3121 tuguriis,

139 3137 181 3174 in
226 3134 389 3185 quibus
427 3134 594 3185 degunt
632 3133 776 3173 coloni
804 3133 1016 3185 partiarii.

139 3198 229 3238 Cic.
255 3196 310 3236 ad
331 3198 416 3235 Att.
443 3197 486 3245 4,
521 3195 570 3245 4,
602 3195 648 3235 3;
698 3196 815 3245 Quod
842 3196 877 3234 si
905 3206 1020 3234 asse—

137 3271 264 3310 quor,
306 3270 454 3308 supero
485 3258 682 3298 Crassum
711 3258 865 3297 divitiis
894 3261 1019 3305 atque

137 3322 322 3361 omnium
350 3322 456 3361 vico
469 3333 488 3360 s
508 3325 544 3361 et
568 3324 701 3371 prata
720 3324 948 3359 contemne.
968 3343 1013 3348 —

139 3383 328 3424 Calabris
364 3383 466 3435 cet]
513 3384 708 3423 «Lucani
746 3381 882 3422 saltus
913 3393 1017 3422 cum

141 3445 339 3486 Calabris
361 3447 555 3498 coempti
577 3448 620 3485 et
641 3445 923 3485 continuati.»
950 3444 1013 3484 Cf.

140 3509 278 3560 Epod.
304 3511 342 3559 4,
365 3511 417 3550 27
439 3520 506 3561 sq.
529 3533 573 3538 —
596 3509 790 3562 Saltibus]
815 3510 1017 3560 «pascuis

286 3587 437 3624 nonu.
467 3596 555 3623 vot..
584 3587 627 3623 ll.
681 3596 745 3622 En.
774 3595 858 3623 Min.
888 3585 949 3621 111,

1095 1328 1176 1368 per
1221 1317 1355 1360 colles
1393 1324 1626 1363 montesve
1668 1326 1784 1376 sitis,
1835 1329 1877 1368 Π
1877 1329 1978 1368 ald-

1094 1381 1280 1431 trift‘en.»
1314 1406 1358 1413 ἦ
1393 1385 1563 1436 adiecti]
1603 1387 1681 1426 Od.
1754 1390 1865 1438 ,46,
1897 1390 1972 1431 44;

1092 1443 1126 1480 si
1154 1444 1392 1494 Mysscloniis
1428 1459 1603 1498 regynum
1630 1450 1811 1499 Alyattei
1851 1452 1977 1492 Cam—

1086 1506 1154 1554 pis
1183 1508 1431 1548 continuem.
1461 1532 1504 1537 —-
1538 1512 1665 1563 metit]
1699 1513 1845 1564 Eurip.
1882 1516 1976 1566 Hy—

1093 1568 1412 1620 psip.1³¹‹1a,;m.
1450 1573 1578 1612 Dind
1609 1575 1654 1613 6:
1702 1570 1976 1629 ἀναγκαίως

1092 1627 1128 1668 δ’
1176 1624 1254 1678 ἶὲχε
1243 1644 1276 1671 ι
1314 1632 1432 1672 Bloz
1473 1634 1527 1673 θε
1506 1637 1621 1691 col‘gc
1604 1648 1672 1675 etv
1703 1631 1828 1677 ὥστε
1857 1636 1974 1696 κάο-

1093 1706 1241 1733 ,τιαοῑ
1281 1692 1487 1745 στάχιν,
1535 1709 1649 1749 quae
1689 1702 1731 1740 in
1769 1702 1973 1742 Latinum

1093 1758 1311 1797 convertit
1342 1760 1432 1799 Cic.
1458 1761 1586 1800 Tusc.
1612 1762 1658 1810 3,
1686 1763 1753 1812 25,
1777 1764 1854 1802 59:
1885 1766 1976 1804 vila

1091 1819 1279 1858 omnibus
1293 1822 1501 1871 Melencla,
1524 1827 1570 1862 ut
1587 1794 1753 1875 friiyes.
1778 1826 1847 1864 Sic
1868 1827 1976 1866 iubet

1089 1883 1320 1922 necessitas.
1356 1884 1418 1923 Cf.
1445 1884 1522 1923 On.
1549 1885 1594 1934 4,
1621 1886 1694 1935 44,
1719 1887 1785 1927 34.
1814 1912 1858 1917 -
1891 1901 1975 1929 non

1089 1945 1330 1998 etcorabilis]
1365 1946 1430 1986 Cf.
1456 1947 1533 1987 Od.
1558 1949 1597 1996 ⁶2,
1623 1949 1688 1998 48,
1714 1949 1765 1990 34
1788 1961 1886 2002 sqq.

1145 2008 1347 2048 480-482.
1383 2010 1598 2060 Gemmas,
1630 2022 1845 2063 marmor)
1874 2014 1975 2054 ebur

1090 2070 1193 2122 cet]
1218 2071 1326 2122 Epp.
1349 2073 1388 2121 4,
1409 2073 1446 2121 6,
1470 2074 1540 2112 47:
1567 2079 1789 2125 argentum
1804 2081 1841 2116 et
1858 2089 1974 2117 mar-

1088 2144 1181 2171 mor
1218 2138 1334 2172 vetus
1362 2146 1548 2183 aeraque
1578 2141 1615 2175 et
1645 2142 1758 2177 arles
1785 2140 1970 2190 Suspice,

1088 2206 1182 2233 cum
1200 2197 1372 2245 gemmis
1395 2197 1425 2235 T
1422 2198 1538 2246 yrios
1558 2199 1718 2239 mirare
1736 2202 1906 2242 colores.
1922 2227 1968 2233 —

1090 2258 1304 2306 Tyrrhena
1346 2259 1506 2310 si9illa]
1562 2261 1683 2311 signa
1729 2264 1971 2306 Tuscanica

1087 2332 1240 2370 aerea,
1294 2333 1431 2373 parva
1477 2322 1665 2364 deorum
1716 2326 1970 2370 simulacra.

1086 2382 1263 2423 Tertull.
1288 2383 1471 2435 Apolog.
1496 2386 1570 2424 ⁶25:
1616 2387 1791 2438 [nyenia
1821 2391 1972 2432 Tusco—

1085 2459 1181 2487 rum
1217 2449 1421 2499 fingendis
1455 2450 1694 2490 simulacris
1730 2453 1874 2494 urbem
1902 2457 1970 2495 in-

1085 2511 1363 2550 undaverunt.
1398 2512 1563 2551 Horatii
1587 2514 1770 2564 quidem
1791 2518 1969 2569 tempo-

1085 2573 1208 2613 ribus
1240 2585 1328 2613 non
1360 2576 1450 2614 tam
1476 2578 1660 2627 propter
1679 2577 1970 2628 pulchritudi-

1085 2647 1188 2675 nem
1211 2647 1343 2686 quam
1366 2639 1550 2688 propter
1571 2640 1878 2691 antiquitatem
1899 2645 1968 2683 vi-

1085 2697 1247 2736 dentur
1291 2709 1390 2738 esse
1429 2701 1644 2749 quaesita.
1686 2701 1787 2751 (Cfr.
1812 2703 1967 2744 Miiller

1081 2760 1285 2799 Etruslser
1304 2762 1354 2800 ΙΙ.
1387 2772 1430 2811 p.
1455 2762 1549 2802 264.
1576 2764 1619 2801 et
1640 2764 1786 2805 Braun
1815 2766 1858 2805 in
1878 2767 1967 2807 An-

1050 2827 1052 2840 ²
1081 2823 1170 2861 nali
1210 2823 1299 2861 clell’
1330 2824 1427 2862 Inst.
1462 2824 1640 2864 archeol.
1672 2826 1781 2866 VllI.
1815 2839 1858 2879 p.
1893 2830 1961 2870 53.

1082 2885 1236 2935 Utique
1256 2885 1310 2924 de
1329 2887 1472 2925 aereis
1490 2887 1679 2928 deorum
1697 2888 1961 2941 simulacris,

1080 2949 1111 2986 I.
1145 2946 1216 2986 vel
1246 2949 1278 2987 l.
1302 2949 1343 2987 S.
1377 2948 1540 2999 pedem
1571 2948 1689 3000 altis,
1721 2951 1965 3004 intelligen-

1082 3010 1190 3050 dum
1228 3012 1315 3058 est,
1359 3013 1615 3063 neutiquam
1661 3013 1716 3053 de
1761 3016 1963 3057 antefixis

1081 3071 1231 3112 aliisve
1263 3072 1474 3124 operibus
1493 3073 1708 3125 figulinis,
1742 3076 1887 3127 qualia
1910 3090 1964 3119 ex

1080 3133 1357 3175 Berolinensi
1386 3147 1545 3177 museo
1576 3149 1719 3189 nuper
1746 3139 1883 3180 edidit
1902 3143 1964 3180 at-

1081 3208 1167 3248 que
1198 3196 1429 3238 illustravit
1457 3200 1715 3241 Theodorus
1736 3202 1959 3252 Panofka.)

1085 3283 1129 3287 —
1150 3259 1393 3313 Arqentum]
1419 3261 1616 3312 factum,
1651 3262 1884 3302 caelatum.
1913 3286 1958 3292 —

1081 3322 1268 3376 Gaetulo]
1304 3324 1439 3364 «Afro
1470 3336 1522 3364 ac
1552 3336 1634 3376 per
1664 3326 1748 3365 hoc
1780 3327 1957 3374 Maur0;

1082 3385 1297 3436 significat
1339 3387 1458 3426 enim
1495 3398 1739 3439 purpuram
1770 3387 1961 3426 Girbita-

1080 3458 1227 3487 nam.»
1260 3450 1467 3488 ponpam.
1514 3449 1592 3488 Od.
1626 3450 1674 3498 ⁶2,
1707 3450 1783 3498 46,
1817 3449 1888 3489 35:
1923 3455 1961 3489 te

1081 3509 1140 3548 bis
1166 3510 1269 3561 Afro
1298 3511 1459 3551 Murice
1497 3512 1650 3551 tinctae
1682 3513 1862 3552 Vestiunt
1891 3513 1959 3551 la-

1600 3587 1643 3626 43
