2231 3787
233 284 333 334 34⁴2

864 286 1074 325 llORATll
1105 286 1403 327 sATlRARUM

317 415 527 467 Externi
570 433 634 467 ne
674 415 802 485 quid
841 415 1013 468 valeat
1050 432 1147 485 per
1184 415 1301 468 leve
1341 415 1562 473 morari,

320 517 372 566 ln
412 533 573 586 quem
613 533 797 569 manca
838 516 941 567 ruit
978 532 1193 585 semper
1229 516 1450 567 fortuna.

1527 517 1754 569 Potesne

310 618 380 668 Ex
416 616 495 668 his
534 625 590 668 ut
629 617 902 687 proprium
943 615 1072 686 quid
1111 615 1377 668 noscero?
1415 616 1664 686 Quinque
1706 615 1899 669 talenta

308 718 482 771 Poscit
521 727 570 770 te
609 717 819 772 mulier.

870 704 1023 769 vexat
1061 716 1373 787 foribusque
1412 716 1688 787 repulsum

1985 718 2052 769 90

310 818 580 872 Perfundit
617 818 815 889 gelida,
859 835 1044 870 rursus
1083 826 1264 881 vocat3
1305 818 1454 888 eripe
1495 819 1631 888 turpi

306 920 450 973 Colla
489 920 636 990 iugo;
690 919 871 980 Liber,
913 917 1048 972 liber
1086 936 1233 980 sum,
1276 918 1362 972 dic
1401 936 1514 989 age.

1589 920 1704 972 Non
1744 920 1890 991 quis;

303 1022 460 1092 [rget
498 1022 637 1074 enim
678 1020 926 1073 dominus
967 1028 1199 1073 mentem
1240 1036 1345 1072 non
1383 1019 1517 1073 lenis
1556 1029 1608 1073 et
1647 1037 1799 1075 acres

313 1122 586 1175 Subiectat
625 1121 768 1174 lasso
808 1120 1049 1174 stimulos
1087 1129 1374 1193 versatque
1414 1130 1711 1192 negantem.

337 1295 401 1335 93.
436 1299 607 1335 men-tem
635 1295 823 1334 dominus
850 1294 922 1345 Sp.
959 1314 1002 1322 —
1037 1295 1147 1334 acris
1175 1294 1280 1334 bEc.

235 1451 359 1491 nides
404 1462 508 1490 usus
555 1453 660 1490 erat.
714 1450 842 1490 Arist.
886 1451 1009 1490 Rhet.
1058 1450 1108 1498 3

240 1515 306 1552 ll:
356 1509 460 1552 οἷον
490 1509 574 1552 τὸν
604 1509 792 1565 ἀγαθὸν
831 1506 982 1569 α’νὸρα
1010 1509 1113 1562 φά-

235 1589 309 1614 rat
341 1587 460 1615 §wal
498 1587 857 1631 ῒὲῒῡαγωνον
891 1585 1113 1628 [Metamo-

233 1635 314 1693 σά·
347 1633 496 1690 αἰιφω
518 1635 606 1694 γὰο
626 1650 671 1678 τε
669 1642 702 1676 )
707 1650 797 1677 ε·ια
820 1649 936 1689 quae
968 1639 1113 1687 imago

234 1714 314 1752 per
332 1700 612 1741 Aiistotelem
633 1700 687 1740 ad
709 1702 897 1740 Dantem
918 1699 1109 1739 devenit:

234 1764 315 1803 Ben
355 1768 569 1815 tetrayono
611 1764 653 1801 ai
691 1764 796 1813 colpi
833 1763 873 1801 (li
915 1766 1106 1802 ventura.

234 1824 311 1864 Alii
344 1826 524 1876 quidem
554 1826 736 1875 iungunt
765 1826 808 1864 in
827 1836 868 1864 se
894 1826 983 1874 ipso
1006 1828 1112 1863 totus

237 1893 361 1927 leres:
410 1887 530 1937 quod
562 1888 707 1926 minus
739 1889 893 1938 aptum
922 1886 1113 1925 videtur

245 1951 381 1997 «Quid
414 1950 551 1996 enim,
587 1948 774 1996 amabo,
809 1951 877 1988 est
906 1953 1012 1987 totus
1041 1959 1117 1987 ro-

235 2012 418 2051 tundus?
462 2013 612 2061 utique
645 2013 717 2061 qui
750 2010 1010 2062 simpliciter
1039 2021 1115 2048 ro-

239 2074 401 2115 tundus
433 2077 523 2119 cst,
559 2076 674 2112 totus
706 2074 760 2113 sit
790 2072 1005 2112 rotundus
1036 2083 1116 2111 ne-

240 2147 366 2176 cesse
391 2139 471 2175 est.
534 2135 645 2182 Quid
675 2138 824 2175 autem
845 2136 1049 2175 rotundus
1074 2135 1117 2173 in

236 2211 276 2239 se
307 2200 425 2248 ipso?
471 2199 597 2248 quasi
633 2197 788 2248 aliquis
819 2203 943 2237 πίνει
972 2209 1013 2237 se
1041 2208 1116 2236 ro-

238 2261 403 2301 tundus
446 2272 544 2301 esse
591 2262 772 2311 possit.»
822 2262 973 2300 BENTL.
1027 2261 1115 2300 No-

237 2327 353 2363 strae
392 2323 656 2363 distinctioni
705 2322 821 2362 favet
860 2323 994 2362 etiam
1025 2323 1116 2361 Au-

238 2388 386 2426 sonius
436 2389 635 2426 nostrum
684 2384 830 2425 locum
883 2384 1114 2424 manifesto

240 2450 432 2488 imitatus
464 2449 523 2487 ld.
551 2449 622 2495 46,
656 2447 694 2487 4.
730 2447 785 2486 de
808 2447 900 2486 viro
930 2447 1048 2486 bono
1072 2448 1116 2486 et

240 2512 457 2562 sapiente:
494 2511 601 2560 Quid
624 2520 819 2560 proceres
845 2510 1025 2559 vanique
1051 2510 1115 2560 fe—

240 2578 309 2612 rat
330 2574 428 2623 quid
445 2574 583 2622 opinio
597 2573 722 2624 volyi,
746 2572 947 2622 Securus,
970 2573 1115 2612 mundi

243 2637 375 2674 inslar
403 2635 577 2684 habens,
612 2639 716 2674 teres
744 2638 868 2685 atque
895 2635 1112 2683 rotwnduS,

242 2700 453 2737 Eat-ternae
484 2709 532 2737 ne
562 2698 660 2747 quid
687 2697 793 2736 labis
817 2708 894 2747 per
921 2696 1028 2737 levia
1058 2697 1116 2735 si-

243 2762 327 2799 dat.
356 2783 399 2788 ——
433 2759 596 2810 manca]
632 2760 783 2810 «quasi
813 2758 1018 2799 manibus
1040 2757 1116 2798 de-

244 2821 366 2868 bilis,
401 2823 455 2861 ita
487 2825 533 2861 ut
564 2823 778 2872 impetum
806 2821 849 2860 in
870 2821 1114 2872 sapientem

244 2884 388 2922 facere
422 2886 655 2933 nequeat.»

298 3006 443 3045 89-94.
492 3011 534 3044 ut
566 3007 799 3057 proprium]

247 3069 319 3107 tibi
368 3067 560 3106 tribucre
606 3069 791 3118 possis.»
838 3091 879 3095 —
930 3068 1117 3116 Quinque

246 3129 415 3180 talenta]
470 3140 574 3179 «pro
624 3128 842 3169 lex-issima
894 3127 1113 3179 voluptate

247 3202 466 3231 summam
518 3192 783 3240 ingentem.»
845 3191 997 3233 {25000
1048 3192 1111 3229 Fr.

247 3253 365 3301 ‹‘iall.9
403 3275 446 3280 —-
478 3254 609 3292 Poscit
642 3257 678 3291 te
707 3254 857 3292 mulier
888 3253 991 3301 cet]
1025 3253 1110 3292 Cic.

249 3315 398 3355 parad.
423 3317 468 3354 5.
503 3315 547 3353 ⁴2:
580 3314 641 3353 An
673 3314 737 3352 ille
766 3314 863 3352 mihi
895 3314 1017 3363 liber,
1050 3316 1115 3353 cui

247 3379 393 3417 mulier
430 3376 641 3426 imperat?
678 3377 743 3414 cui
782 3377 885 3427 leyes
923 3377 1113 3426 imponit,

243 3440 512 3489 praescribit,
547 3439 675 3487 iubet,
710 3443 839 3487 vetat,
873 3440 981 3488 quod
1009 3440 1119 3479 vide-

248 3502 352 3540 tur?
383 3503 451 3551 qui
483 3503 582 3540 nihil
611 3502 830 3552 imperanti
862 3513 1012 3552 negare
1045 3513 1119 3551 po-

833 3006 979 3057 «quod
1009 3016 1113 3044 vere

1165 3000 1267 3043 'ros

1178 1454 1272 1499 test,
1320 1451 1421 1489 nihil
1459 1461 1654 1490 recusare
1683 1451 1847 1491 audet?
1891 1452 2050 1500 Poscit,

1178 1515 1363 1553 dandum
1383 1519 1462 1561 est‚·
1483 1519 1621 1563 vocal,
1641 1515 1905 1562 veniendwm,·
1927 1515 2051 1564 eiicil,

1179 1575 1432 1623 abeundum·
1459 1577 1667 1625 minatur,
1691 1577 2049 1617 eaetimescendwm.

1178 1640 1268 1690 Ego
1304 1650 1402 1678 vero
1441 1640 1564 1678 istum
1600 1651 1682 1679 non
1709 1640 1831 1679 modo
1859 1650 2050 1689 servum,

1180 1703 1248 1741 secl
1265 1703 1559 1751 nequissimum
1575 1713 1760 1751 servum,
1777 1724 1795 1730 -
1808 1724 1826 1730 —
1841 1701 2056 1752 appellan-

1181 1764 1279 1803 dum
1299 1768 1417 1813 puto.
1456 1786 1501 1791 —-
1533 1763 1653 1803 Liber
1681 1763 1784 1815 cet]
1816 1763 1903 1804 Cfr.
1928 1765 2050 1804 Pers

1183 1826 1267 1865 Sat.
1292 1827 1341 1873 5,
1374 1825 1425 1865 83
1456 1836 1583 1876 seqq.
1621 1826 1789 1865 Arrian
1827 1825 1965 1876 Epict.
2002 1824 2051 1874 4,

1183 1889 1226 1935 4,
1261 1889 1276 1926 4
1315 1890 1358 1927 et
1387 1887 1433 1927 3:
1461 1881 1559 1927 'effi
1547 1883 1649 1928 v'190
1631 1884 1738 1955 ερός
1768 1886 1896 1928 ἐστιν
1917 1882 1945 1926 ὁ
1965 1883 2056 1938 ζῶν

1182 1945 1246 1999 ὠς
1275 1946 1525 1997 βούλεται·
1566 1944 1623 1988 ὃν
1654 1944 1752 1989 ov'z'
1782 1943 2056 2002 ἀναγκάσαι

1181 2010 1332 2059 ἐστίν,
1367 2006 1478 2052 οὔτε
1506 2007 1745 2060 κωλύσαι,
1792 2005 1904 2052 οὗτε
1943 2007 2056 2059 βιά-

1182 2074 1378 2114 σασθαι.
1402 2097 1426 2103 -
1447 2097 1470 2103 -
1492 2070 1657 2123 Οὐδεὶς
1686 2067 1783 2129 α’ρα
1811 2071 1906 2113 τῶν
1935 2069 2057 2123 φαύ-

1181 2135 1274 2176 λων
1311 2134 1364 2193 ’ςῇ
1396 2131 1461 2185 ὦς
1499 2132 1750 2184 βούλεται·
1798 2129 1855 2175 οὗ
1892 2135 2056 2176 τοίνυν

1181 2196 1278 2240 οὐδ’
1311 2193 1563 2254 ἐλεύθερός
1592 2196 1736 2238 ἐστιν.
1769 2220 1813 2225 -
1837 2209 1922 2237 non
1950 2197 2053 2249 quis]

1181 2262 1249 2301 Sic
1272 2261 1426 2301 Cicero
1447 2260 1624 2310 saepius
1649 2269 1733 2298 non
1763 2269 1886 2308 queo,
1920 2269 2056 2310 quam

1178 2334 1347 2372 nequeo.
1399 2344 1443 2349 —
1490 2320 1701 2360 Subiectat
1745 2320 1848 2372 cet.]
1895 2322 2057 2360 «Amor

1180 2385 1305 2436 quasi
1335 2384 1485 2434 auriga
1505 2380 1704 2423 stimulos
1725 2380 1903 2422 subiicit
1922 2382 2056 2422 etiam

1179 2448 1306 2496 lasso,
1350 2446 1525 2485 iamiam
1558 2445 1726 2484 amicae
1756 2443 2052 2491 valedicturo‚

1180 2521 1232 2549 ac
1263 2511 1303 2548 te
1336 2506 1540 2559 impellit,
1574 2506 1682 2546 dum
1703 2517 1876 2546 morem
1897 2515 2053 2557 gerere

1180 2583 1266 2611 non
1296 2572 1405 2611 vis.»

1234 2633 1380 2673 95-97.
1437 2632 1505 2671 Vel
1546 2641 1640 2670 eum
1676 2629 1781 2680 cet.]
1826 2629 1893 2669 Ad
1936 2627 2053 2668 aliud

1181 2693 1434 2745 exemplum
1477 2692 1634 2732 transit
1674 2692 1830 2742 poeta;
1876 2690 2054 2730 tertium

1181 2757 1382 2808 sequitur
1418 2766 1460 2793 v.
1499 2754 1576 2793 402
1617 2764 1715 2804 sqq.
1751 2774 1798 2781 —
1834 2752 2054 2804 Pausiaca]

1180 2819 1359 2858 Pausias
1381 2815 1612 2866 Sicyonius
1642 2815 1792 2854 floruit
1816 2815 1992 2854 circiter
2011 2825 2049 2854 a.

1180 2882 1279 2920 ante
1312 2879 1414 2919 Chr.
1439 2879 1532 2918 370.
1568 2876 1783 2927 Fingebat
1810 2887 1972 2929 parvas
1992 2877 2055 2916 ta-

1180 2941 1318 2981 bellas
1340 2941 1614 2980 encausticas
1636 2940 1920 2990 maximeque
1940 2949 2054 2990 pue-

1335 3000 1660 3042 Celehrabatur
1700 3000 1917 3052 imprimis
1960 3000 2055 3040 eius

1180 3063 1556 3116 Stephanoplocos
1596 3074 1619 3102 a
1651 3061 1829 3102 Lucullo
1871 3061 2054 3102 Athenis

1180 3127 1355 3167 duobus
1386 3125 1558 3166 talentis
1582 3127 1743 3177 empta.
1796 3123 1900 3164 Plin.
1925 3124 1975 3163 H.
1999 3124 2049 3162 N.

1180 3191 1253 3239 35,
1296 3189 1361 3230 40.
1409 3212 1452 3218 -
1485 3185 1843 3238 lorpes—labella]
1883 3185 1970 3224 Sat.
2013 3185 2052 3231 4,

1181 3253 1227 3300 4,
1260 3253 1333 3292 28:
1365 3256 1498 3302 stupet
1525 3250 1664 3290 Albius
1693 3260 1803 3289 aere.
1865 3248 1954 3288 Cic.
1978 3249 2054 3286 Pa-

1182 3314 1274 3354 rad,
1299 3316 1343 3362 5,
1376 3315 1422 3354 2:
1465 3313 1656 3353 Echionis
1685 3311 1829 3351 tabula
1857 3314 1894 3350 te
1921 3310 2055 3358 stupi-

1182 3378 1280 3416 dum
1310 3377 1459 3416 detinet
1489 3379 1564 3414 aul
1592 3375 1756 3425 signum
1785 3372 1954 3422 aliquod
1981 3372 2055 3410 Po·

1182 3438 1329 3488 lycleli.
1390 3438 1532 3487 Mitto,
1565 3437 1673 3476 uncle
1692 3435 1922 3482 sustuleris,
1956 3443 2054 3482 quo-

1182 3502 1301 3541 modo
1331 3499 1494 3540 habeas
1553 3499 1780 3539 Inluenlem
1810 3500 1868 3544 te,
1915 3494 2052 3533 admi-
