2231 3787
883 299 980 338 LIB.
1015 300 1045 338 l.
1108 300 1271 340 EPIST.
1307 302 1355 340 V.
1932 306 2033 358 4⁴29

279 430 559 482 Contracta
599 446 761 500 quem
801 447 907 483 non
947 430 999 482 in
1038 440 1354 502 paupertate
1399 432 1675 487 solutum?
1964 439 2031 491 ΞΟ

275 532 421 585 Haec
461 549 561 602 ego
601 549 896 602 procurare
942 541 994 586 et
1030 531 1260 587 idoneus
1300 534 1538 606 imperor
1578 545 1629 590 et
1669 554 1773 590 non

274 633 500 695 Invitus,
542 650 610 687 ne
650 643 806 705 turpe
846 634 1006 697 toral,
1048 653 1115 690 ne
1155 636 1376 691 sordida
1414 655 1610 710 mappa

273 736 535 807 Corruget
574 754 759 798 Πᾶνες,
803 755 868 791 ne
909 755 1015 791 non
1055 747 1107 792 et
1145 738 1432 793 cantharus
1473 749 1525 794 et
1562 741 1683 795 lanx

272 838 536 892 Ostendat
573 839 664 891 tibi
707 848 782 893 te.
825 857 891 893 ne
931 840 1070 893 fidos
1111 841 1246 895 inter
1286 843 1487 896 amicos

309 1046 374 1085 23.
410 1047 527 1086 naris
558 1049 603 1086 C.
643 1070 686 1075 —
722 1059 793 1088 nec
824 1060 904 1088 non
934 1048 997 1088 bd
1029 1050 1072 1089 et
1103 1059 1215 1089 corr.
1252 1060 1288 1088 c.

195 1228 279 1268 hoc
310 1227 540 1268 dumtaxat
560 1227 656 1269 loco
678 1232 721 1269 et
742 1229 861 1280 apud
884 1230 973 1269 Cic.
998 1240 1076 1281 pro

195 1290 396 1331 Cluentio
429 1292 504 1340 37,
540 1292 632 1333 404.
687 1292 875 1344 (Addocti
906 1293 1075 1345 iudices)

192 1355 428 1406 reperitur.
475 1377 519 1382 —
559 1356 756 1406 Fecundi]
798 1357 990 1407 «copiosi
1033 1358 1076 1396 et

192 1417 492 1467 abundantes,
527 1420 602 1469 qui
633 1430 815 1470 semper
841 1430 865 1457 a
894 1419 1076 1470 pincer—

190 1481 257 1521 nis
298 1479 598 1532 repleantur.»
654 1480 803 1535 Altera
841 1482 1073 1533 explicatio

191 1543 410 1584 «bibentis
442 1544 668 1595 ingenium
700 1544 945 1584 fecundum
966 1544 1073 1584 red—

188 1605 372 1648 dentes»
403 1607 580 1647 videtur
609 1608 739 1648 nimis
770 1607 897 1659 longe
926 1619 1074 1649 arces-

187 1670 285 1710 sita.
339 1672 452 1711 Sane
493 1671 688 1712 Maccius
723 1670 897 1711 Anthol.
931 1671 1066 1712 Palat.

186 1733 237 1772 II.
267 1743 310 1785 p.
345 1733 437 1774 443.
472 1733 580 1773 dixit
610 1728 888 1787 εὔγλωσσον
908 1759 933 1765 -
952 1759 976 1765 -
998 1731 1071 1775 οἳ-

185 1807 293 1845 νον,
342 1796 423 1837 sed
464 1797 509 1837 h.
551 1796 579 1837 l.
616 1797 809 1837 duorum
854 1798 1070 1838 Codicum

184 1859 519 1900 Monacensium
562 1861 605 1899 et
645 1860 837 1900 duorum
873 1862 1069 1901 Pottierii

185 1921 237 1972 (11.
285 1922 340 1973 7.)
386 1921 516 1962 lectio
559 1923 733 1973 facundi
780 1923 1067 1965 intolerabilis

185 1985 306 2024 esset
333 1984 571 2037 tautologia
593 1997 695 2026 cum
716 1998 757 2026 v.
777 1987 990 2027 disertum.
1019 2011 1063 2016 —

183 2047 422 2100 Contracta]
457 2051 598 2098 «arta,
633 2052 862 2100 angusta.»
909 2051 1063 2090 ScHOL.

183 2109 247 2150 Cf.
285 2109 364 2150 Od.
402 2110 449 2159 3,
497 2111 546 2160 2,
595 2112 633 2150 4.
672 2134 717 2140 —
750 2113 943 2162 solutum]
983 2112 1064 2152 «ab

182 2171 390 2213 omnibus
430 2171 512 2212 illis
544 2174 671 2224 quasi
706 2173 917 2225 vinculis,
966 2176 1066 2226 qui—

179 2235 267 2276 bus
298 2246 433 2275 curae
455 2246 536 2275 nos
559 2238 791 2277 onerant.»
841 2239 960 2278 Bene
982 2249 1065 2290 po-

181 2300 252 2338 tus
298 2299 416 2339 enim
461 2297 706 2348 malorum,
755 2298 917 2351 quibus
958 2299 1064 2341 alias

179 2361 419 2413 premitur,
458 2362 659 2402 omnium
690 2361 978 2402 obliviscitur.
1017 2386 1061 2392 -

182 2425 257 2465 «V.
288 2429 540 2475 paupertate
575 2426 634 2464 ita
666 2426 864 2476 positum
895 2427 983 2475 est,
1016 2427 1065 2465 ut

180 2486 311 2527 simul
342 2487 399 2527 ad
425 2488 708 2539 participium
736 2489 957 2539 pertineat
994 2499 1064 2528 so-

179 2549 312 2589 lutum
330 2561 412 2602 pro
432 2550 477 2590 in
493 2554 746 2601 paupertate
760 2550 939 2590 solutum
954 2561 1063 2600 pau-

171 2617 380 2662 pertate.»
412 2614 612 2654 DILLENB.
648 2615 704 2653 At
723 2614 911 2661 rectius,
935 2616 1058 2665 puto,

179 2675 380 2716 absolute
397 2677 636 2728 accipitur,
658 2677 707 2715 ut
729 2678 797 2716 est
818 2677 907 2716 Cic.
932 2677 1058 2718 Verr.

177 2738 336 2779 Aecus.
369 2739 415 2788 2,
460 2739 535 2788 75,
582 2738 684 2778 485:
731 2739 872 2779 animo
903 2750 1062 2789 semper

177 2801 343 2840 soluto
387 2801 595 2852 liberoque
637 2806 742 2842 erat.
793 2824 838 2830 ——
887 2801 1059 2842 Similes

176 2861 300 2904 locos
322 2863 377 2903 de
406 2865 497 2903 vini
525 2863 764 2904 virtutibus
784 2864 873 2904 vid.
898 2864 955 2904 ad
977 2865 1056 2905 Od.

178 2925 224 2974 3,
256 2926 324 2965 24.
375 2925 575 2978 Diphilus
607 2927 726 2979 apud
754 2928 915 2968 Athen.
940 2929 980 2977 2,
1006 2930 1056 2968 2.

172 2980 230 3026 Ὦ
260 2985 379 3027 πᾶσι
420 2993 523 3039 τοῖς
562 2987 805 3047 φρονοῦσι
847 3003 1059 3048 προσφι-

178 3047 373 3089 λέστατε
416 3048 620 3091 Διόνυσε
662 3053 743 3092 καὶ
788 3050 1057 3103 σοφώταθ’,

178 3108 245 3162 ὠς
273 3107 393 3165 ἡδύς
422 3123 492 3162 τις
522 3109 587 3160 εἰ,
608 3109 690 3164 (ος
718 3111 804 3154 τὸν
833 3127 948 3156 ταῦτα
936 3112 1058 3156 ινὸν

179 3187 237 3227 με
242 3188 303 3228 γα
333 3186 483 3232 φρονε
463 3177 531 3214 εῖν
562 3179 714 3226 ποιεῖς
742 3173 917 3229 μόνος,
961 3174 1057 3218 Τὸν

178 3233 265 3288 τὰς
285 3234 440 3295 ὀφρῦς
461 3234 659 3294 αἴροντα
678 3240 961 3291 συμπείθεις
979 3253 1058 3294 γε-

178 3296 286 3353 λᾶν,
330 3298 425 3340 Τόν
463 3301 501 3339 τ
540 3295 662 3339 ασθε
644 3297 726 3352 ”νῆ
765 3299 949 3356 τολμαν
987 3315 1055 3354 τι,

177 3359 262 3402 τὸν
291 3358 447 3402 δειλὸν
479 3358 687 3420 θρασύν·
731 3373 846 3413 quae
884 3366 1057 3406 Grotius

179 3424 426 3466 Horatianis
455 3424 605 3465 verbis
636 3436 744 3465 usus
775 3426 838 3465 sic
867 3425 910 3464 in
941 3427 1059 3465 Lati-

181 3497 288 3526 num
319 3488 536 3528 convertit
566 3488 768 3539 Excerpt.
793 3488 861 3526 Tr.
886 3499 928 3538 p.
953 3488 1054 3527 797:

183 3549 214 3587 Ο
241 3561 336 3591 vere
363 3551 527 3601 sapiens
556 3561 606 3590 ac
634 3550 782 3590 merito
807 3549 1059 3600 sapientibus

1141 1229 1331 1270 Amicum
1356 1232 1477 1272 Liber
1497 1245 1669 1284 mmzen,
1703 1247 1829 1285 quam
1852 1238 2026 1278 multum.

1141 1293 1262 1332 iuvas
1273 1295 1285 1332 J
1320 1294 1350 1332 T
1352 1306 1377 1333 u
1405 1306 1587 1346 namque
1615 1298 1724 1337 solus
1753 1311 1914 1340 cornua
1945 1303 2025 1341 ad-

1141 1355 1203 1394 dis
1227 1358 1434 1407 pauperi:
1476 1359 1645 1411 [nyenio
1677 1362 1782 1401 duro
1820 1363 1906 1403 lene
1935 1368 2025 1404 tor-

1140 1423 1324 1459 mentum
1354 1422 1566 1472 admoves,
1609 1424 1863 1474 Suppeditas
1900 1438 2024 1467 arma

1138 1482 1310 1532 inermi,
1343 1483 1486 1523 timido
1507 1486 1750 1526 audaciam.
1804 1487 2023 1530 Obbarius

1139 1544 1267 1584 affert
1296 1544 1468 1597 lepidos
1499 1548 1711 1590 Varronis
1732 1561 1892 1591 versus
1923 1553 2018 1604 Frg.

1136 1618 1179 1659 p.
1217 1608 1312 1648 272.
1350 1609 1442 1660 Bip.
1482 1621 1536 1649 ex
1575 1612 1716 1651 Nonio
1757 1624 1799 1664 p.
1838 1615 1905 1655 28.
1945 1616 2018 1656 Μ.;

1141 1671 1241 1710 Vino
1270 1671 1373 1710 nihil
1402 1672 1633 1721 quidquam
1653 1674 1875 1715 iucundius
1895 1677 2020 1725 cluit‚·

1134 1733 1220 1772 Hoc
1251 1734 1557 1784 aeffl'itudinem
1588 1736 1645 1775 ad
1673 1739 1919 1779 medendam
1953 1740 2021 1780 in-

1133 1800 1358 1843 veneram&
1388 1797 1475 1836 Hoc
1504 1798 1732 1838 hilaritatis
1762 1801 1879 1841 dulce
1903 1803 2021 1841 semi-

1134 1860 1332 1907 uarium,·
1360 1859 1447 1898 Hoc
1467 1861 1645 1900 continet
1674 1864 1898 1914 coaqulum
1918 1876 2019 1904 eon—

1132 1923 1261 1962 vivia.

1189 1986 1337 2025 ast-25.
1390 1996 1464 2036 090
1488 1988 1741 2040 procurare]
1772 1989 1865 2029 Hoc
1887 1990 2013 2030 dicit:

1135 2059 1233 2088 «me
1269 2049 1365 2100 ipso
1397 2050 1675 2102 inspectante
1708 2063 1866 2093 servus
1898 2055 2018 2093 stru-

1133 2113 1229 2152 ctor
1265 2123 1493 2161 mensam,
1540 2116 1588 2153 ut
1626 2114 1777 2165 decet,
1826 2127 2017 2168 appara-

1131 2174 1247 2214 bit.»
1305 2174 1477 2214 Pendet
1515 2177 1667 2216 autem
1707 2188 1748 2216 v.
1777 2189 2017 2227 procurare

1132 2239 1176 2276 et
1225 2247 1248 2275 a
1297 2248 1340 2277 v.
1392 2237 1563 2278 idoneus
1612 2239 1692 2289 (ad
1739 2241 2016 2292 providenda

1131 2299 1301 2348 omnia,
1340 2296 1609 2351 ἐπιτήδειος
1646 2303 1941 2356 οἰκονομεῖν)
1973 2307 2016 2344 et

1131 2372 1155 2400 a
1186 2372 1229 2400 v,
1253 2361 1452 2410 imperor.
1492 2384 1535 2390 —
1571 2364 1773 2415 imperor]
1805 2367 2010 2413 «Omnia,

1131 2435 1245 2475 quae
1276 2425 1463 2475 requirit
1497 2425 1605 2465 boni
1635 2438 1687 2467 ac
1726 2426 1827 2467 laeti
1859 2429 2014 2469 convi-

1128 2487 1294 2526 vatoris
1325 2487 1538 2535 officium,
1584 2499 1665 2540 ego
1704 2490 1904 2541 profecto
1936 2502 2013 2531 ac-

1129 2551 1281 2588 curate
1312 2549 1575 2601 praestabo,
1622 2549 1757 2591 veluti
1798 2553 1831 2593 si
1874 2552 2008 2603 alius,

1129 2613 1198 2651 cui
1229 2612 1296 2653 ius
1328 2614 1448 2653 esset
1477 2624 1551 2653 me
1582 2613 1683 2653 talia
1715 2614 1922 2666 Iubendi,
1967 2616 2011 2656 id

1127 2686 1200 2714 me
1240 2674 1388 2715 facere
1430 2676 1676 2717 iussisset.»
1737 2678 1872 2719 Nobis
1914 2681 2006 2719 est:

1125 2738 1190 2777 ich
1208 2738 1324 2777 lasse
1343 2749 1384 2778 es
1403 2739 1511 2778 mich
1531 2739 1698 2779 heissen.
1748 2742 1902 2782 Iocose
1924 2742 2010 2781 hoc

1127 2799 1212 2840 dici
1243 2801 1382 2840 cuivis
1417 2801 1705 2842 manifestum
1743 2804 1823 2842 est.
1878 2805 2011 2844 Cete-

1125 2874 1227 2903 rum
1278 2864 1464 2913 imperor
1510 2875 1592 2915 pro
1637 2865 1872 2915 imperatur
1909 2868 2010 2907 mihi

1125 2925 1230 2965 dixit
1260 2937 1314 2965 ex
1344 2926 1666 2966 consuetudine
1699 2930 1866 2968 Graeca
1888 2931 1931 2969 et
1953 2930 2009 2970 ad

1125 2988 1372 3039 analogiam
1403 3001 1443 3028 v.
1477 2989 1633 3029 iubeor.
1688 2990 1751 3030 Cf.
1774 2992 1823 3031 A.
1859 2994 1904 3031 P.
1930 2993 2005 3032 56:

1122 3052 1324 3091 invideor.
1351 3075 1396 3079 —
1419 3055 1540 3101 turpe
1569 3052 1695 3103 toral]
1716 3052 1814 3092 Vid.
1839 3053 1894 3093 ad
1916 3055 2003 3094 Sat.

1124 3115 1170 3163 2,
1204 3114 1251 3163 4,
1285 3112 1359 3153 84:
1393 3113 1531 3153 inluta
1560 3114 1731 3153 toralia.
1760 3137 1804 3143 ——
1833 3117 2007 3166 mappa]

1125 3176 1189 3217 Cf.
1214 3177 1301 3215 Sat.
1326 3176 1375 3223 2,
1401 3175 1451 3224 8,
1477 3175 1541 3215 63.
1566 3199 1611 3204 -
1635 3176 1852 3228 Corruyet]
1877 3178 2008 3225 Quin—

1123 3239 1183 3279 til.
1209 3240 1252 3279 Μ
1273 3270 1282 3288 ,
1316 3239 1365 3288 3,
1399 3238 1473 3278 80:
1506 3239 1692 3279 Naribus
1721 3239 1932 3289 labrisque
1950 3262 1968 3268 —
1988 3262 2006 3268 -

1123 3302 1302 3351 derisus,
1335 3304 1610 3351 contemptus,
1641 3302 1859 3352 fastidium
1879 3301 2006 3351 siqni-

1119 3364 1243 3416 fieari
1272 3363 1384 3403 solet.
1442 3364 1555 3402 Nam
1584 3367 1622 3402 et
1651 3373 1889 3413 corrugare
1923 3374 2003 3402 na-

1122 3437 1218 3475 res,
1258 3430 1306 3465 ut
1332 3425 1532 3464 Horatius
1561 3425 1642 3471 ait,
1683 3428 1720 3464 et
1748 3424 1898 3475 inflare
1926 3446 1950 3452 -
1978 3445 2002 3452 -

1121 3488 1363 3527 indecorum
1400 3490 1470 3526 est.
1508 3509 1552 3514 ——
1585 3496 1636 3525 ne
1671 3496 1755 3524 non
1793 3484 1894 3537 cet.]
1929 3487 2002 3525 «ut

1120 3549 1280 3602 pocula
1301 3551 1345 3589 et
1364 3550 1539 3600 patinae
1556 3548 1872 3599 argenteorum
1894 3558 2001 3600 spe-
